2621 4297
921 308 1335 361 sammon
1367 309 1501 361 un.
1536 311 1579 362 1.
1612 314 1662 361 8.
2196 312 2278 375 fl

358 451 578 530 Iniussi
604 471 907 529 nunquam
934 453 1231 512 desistant.
1295 456 1515 512 Sardus
1540 455 1787 513 habebat

359 531 471 589 Ille
497 531 792 608 Tigellius
819 533 946 588 hoc.
1014 532 1230 603 Caesar,
1256 534 1355 607 qui
1383 552 1590 609 cogere
1616 544 1826 609 posset,

359 612 430 669 Si
453 622 672 687 peteret
697 629 801 687 per
828 611 1133 667 amicitiam
1161 613 1338 686 patris
1364 623 1533 687 atque
1561 631 1744 683 suam,
1766 630 1883 671 non
2235 612 2279 670 6

356 690 700 764 Quidquam
727 688 1058 765 proficeret:
1100 690 1148 746 si
1176 690 1546 762 collibuisset,
1576 691 1650 747 ab
1674 709 1780 748 ovo

359 768 558 844 Usque
586 769 659 826 ad
689 768 839 825 mala
864 768 1085 839 citaret,
1128 774 1164 797 “
1185 766 1252 825 Io
1279 769 1571 840 Bacche,”
1601 767 1772 826 modo
1800 769 2027 826 summ&

360 847 550 919 Voce,
577 845 751 904 modo
781 848 892 903 hac
918 856 1145 904 resonat
1168 866 1294 920 quae
1323 848 1553 905 chordis
1578 859 1817 923 quatuor
1843 849 1978 906 ima.

361 925 468 983 Nil
497 926 711 1001 aequale
739 925 957 982 homini
985 925 1090 981 suit
1115 926 1195 982 illi
1222 946 1234 982 :
1276 924 1427 1002 saepe
1457 927 1610 983 velut
1633 927 1731 1002 qui

363 1005 651 1062 Currebat
677 1004 905 1079 fugiens
932 1006 1184 1073 hostem3
1227 1003 1481 1081 persaepe
1512 1005 1665 1062 velut
1690 1006 1787 1080 qui
2204 1004 2279 1064 lo

363 1083 404 1141 J
407 1084 614 1140 unonis
640 1102 803 1139 sacra
829 1083 1028 1139 ferret:
1072 1083 1315 1140 habebat
1342 1081 1493 1160 saepe
1522 1082 1818 1157 ducentos,

366 1160 538 1238 Saepe
570 1163 772 1219 decem
793 1181 1014 1218 servos:
1055 1159 1228 1219 modo
1256 1181 1421 1237 reges
1448 1174 1615 1236 atque
1641 1163 1972 1234 tetrarchas,

366 1240 584 1298 Omnia
613 1259 822 1316 magna
848 1242 1116 1315 loquens3
1159 1238 1355 1311 modo,
1383 1246 1419 1270 “
1446 1241 1535 1297 Sit
1562 1241 1701 1297 mibi
1727 1260 1927 1298 mensa
1951 1240 2148 1318 tripes,
2172 1252 2234 1301 α

367 1319 616 1377 Concha
641 1320 776 1376 salis
801 1321 947 1395 puri,
975 1331 1035 1376 et
1060 1331 1212 1394 toga,
1241 1338 1369 1393 quae
1398 1318 1707 1377 defendere
1736 1320 1934 1395 frigus,

364 1398 656 1460 Quamvis
683 1418 893 1469 crassa,
919 1399 1144 1473 queat.”
1190 1397 1404 1454 Decies
1432 1409 1681 1455 centena
1708 1399 1964 1458 dedisses
2204 1399 2279 1459 16

367 1477 531 1535 Huic
557 1496 732 1553 parco
750 1478 949 1553 paucis
973 1487 1263 1548 contento,
1285 1477 1536 1552 quinque
1563 1478 1765 1536 diebus

367 1555 474 1614 Nil
501 1568 626 1614 erat
645 1557 705 1614 in
733 1556 967 1614 loculis:
1008 1567 1206 1613 noctes
1233 1556 1499 1632 vigilabat
1529 1558 1600 1613 ad
1628 1558 1815 1633 ipsum

372 1634 553 1693 Mane
576 1656 592 1705 3
634 1636 788 1693 diem
815 1645 989 1693 totam
1017 1636 1320 1693 stertebat:
1362 1636 1442 1693 nil
1472 1635 1576 1692 fuit
1602 1655 1854 1712 unquam

372 1716 475 1773 Sic
503 1716 683 1791 impar
710 1713 837 1771 sibi.
905 1712 1083 1772 Nunc
1110 1714 1310 1789 aliquis
1338 1714 1493 1771 dicat
1518 1715 1659 1772 mihi
1678 1715 1935 1777 z—Quid
1961 1718 2066 1774 tu!

371 1793 625 1852 Nullane
653 1794 830 1850 habes
857 1794 991 1851 vitia
1011 1792 1302 1851 'l—Immo
1329 1793 1460 1865 alia,
1490 1804 1550 1851 et
1577 1794 1810 1851 fortasse
1839 1795 2075 1853 minora.
2195 1794 2278 1853 m

452 1872 704 1930 Maenius
731 1873 1023 1930 absentem
1051 1870 1302 1929 Novium
1330 1892 1506 1947 quum
1533 1884 1821 1948 carperet3
1864 1878 1901 1904 “
1923 1873 2089 1932 Heus
2112 1873 2234 1946 tu‚”

370 1950 632 2014 Quidam
661 1952 795 2024 ait,’'
839 1953 1066 2028 ignoras
1093 1952 1190 2008 te'l
1232 1971 1307 2007 an
1335 1965 1399 2007 ut
1427 1952 1685 2027 ignotum
1712 1952 1849 2008 dare
1876 1952 2041 2009 nobis

372 2031 566 2088 Verba
591 2042 755 2106 putas
771 2032 833 2087 'l''
919 2035 955 2059 “
980 2028 1225 2104 Egomet
1252 2028 1331 2085 mi
1360 2030 1651 2104 ignosco,’'
1683 2028 1934 2086 Maenius
1961 2031 2158 2105 inquit.

378 2111 600 2169 Stultus
626 2121 684 2168 et
709 2109 1001 2186 improbus
1029 2109 1124 2165 hic
1152 2126 1308 2166 amor
1335 2119 1441 2180 est,
1470 2107 1789 2183 dignusque
1816 2108 2016 2167 notari.
2172 2177 2177 2180 ,

372 2189 577 2253 Quum
603 2200 701 2247 tua
725 2183 1022 2265 pervideas
1046 2186 1228 2245 oculis
1255 2187 1406 2244 mala
1432 2187 1617 2263 lippus
1646 2187 1914 2262 inunctis,
2197 2188 2278 2248 25

373 2267 494 2326 Cur
521 2269 581 2326 in
609 2269 921 2325 amicorum
949 2266 1096 2325 vitiis
1122 2278 1237 2325 tam
1266 2267 1455 2323 cernis
1481 2264 1736 2337 acutum,

372 2344 574 2410 Quam
601 2357 700 2405 aut
726 2347 932 2421 aquila,
960 2356 1059 2403 aut
1085 2365 1318 2421 serpens
1345 2345 1729 2421 Epidaurius?
1770 2347 1854 2405 At
1878 2345 1983 2405 tibi
2009 2343 2211 2406 contr&

375 2424 606 2498 Evenit,
636 2427 922 2501 inquirant
949 2426 1084 2482 vitia
1109 2435 1173 2481 ut
1195 2435 1294 2480 tua
1321 2443 1516 2481 rursus
1542 2439 1601 2481 et
1628 2425 1807 2482 illi.—

375 2503 714 2563 Iracundior
740 2515 827 2562 est
853 2501 1059 2579 paulo:
1103 2499 1295 2560 minus
1323 2514 1488 2577 aptus
1515 2503 1698 2559 acutis

375 2581 629 2641 Naribus
657 2582 858 2642 horum
887 2583 1197 2640 hominum.
1267 2580 1475 2638 Rideri
1501 2581 1696 2676 possit,
1723 2578 1796 2638 eo
1822 2579 1978 2655 quod
2196 2582 2276 2641 30

375 2659 678 2720 Κυεῖίοὶὺε
705 2673 870 2720 tonso
895 2673 1026 2738 toga
1053 2660 1272 2732 defluit,
1299 2670 1359 2717 et
1385 2659 1534 2718 male
1558 2660 1719 2716 laxus

374 2740 446 2798 In
472 2742 620 2817 pede
648 2740 877 2798 calceus
904 2741 1260 2797 haeret—At
1285 2750 1374 2795 est
1402 2739 1604 2810 bonus,
1633 2750 1696 2795 ut
1723 2737 1920 2796 melior
1945 2738 2029 2796 vir

375 2818 511 2877 Non
541 2820 686 2877 alius
711 2820 1039 2894 quisquam:
1083 2829 1139 2876 at
1164 2819 1266 2875 tibi
1295 2818 1547 2875 amicus:
1588 2828 1647 2874 at
1674 2817 1967 2895 ingenium
1993 2818 2197 2896 ingens

375 2897 606 2956 Inculto
632 2899 769 2956 latet
795 2900 905 2956 hoc
934 2899 1040 2954 sub
1067 2916 1317 2974 corpore.
1386 2896 1650 2971 Denique
1678 2907 1735 2953 te
1764 2897 1946 2973 ipsum

375 2976 662 3050 Concute,
690 2996 829 3035 num
856 2996 967 3052 qua
994 2977 1095 3034 tibi
1123 2978 1383 3034 vitiorum
1413 2976 1679 3035 inseverit
1704 2975 1842 3034 olim
2196 2975 2277 3035 35

375 3054 620 3128 Natura,
647 3067 746 3115 au't
772 3056 944 3113 etiam
972 3056 1325 3114 consuetudo
1349 3056 1527 3113 mala:
1570 3074 1815 3131 namque

375 3133 679 3210 Neglectis
705 3136 924 3192 urenda
950 3134 1069 3191 filix
1095 3135 1408 3191 innascitur
1436 3134 1602 3211 agris·

457 3212 609 3270 Illuc
637 3225 1056 3290 praevertamur‚
1086 3225 1393 3272 amatorem
1419 3210 1574 3288 quod
1601 3213 1802 3271 amicae

376 3290 602 3368 Turpia
629 3293 923 3368 decipiunt
951 3310 1168 3349 caecum
1198 3293 1350 3364 vitia,
1379 3304 1478 3350 aut
1503 3291 1675 3349 etiam
1705 3292 1828 3366 ipsa
1853 3290 1980 3350 haec

376 3369 717 3441 Delectant3
759 3371 931 3428 veluti
958 3370 1263 3428 Balbinum
1290 3373 1529 3447 polypus
1557 3370 1800 3446 Hagnae.
2195 3364 2278 3427 4⁰

376 3448 602 3507 Vellem
629 3450 689 3507 in
719 3450 969 3508 amicitia
996 3450 1079 3506 sic
1103 3468 1442 3518 erraremus,
1470 3459 1529 3503 et
1558 3447 1649 3502 isti

378 3526 574 3586 Errori
602 3548 813 3587 nomen
842 3529 1016 3586 virtus
1042 3528 1322 3602 posuisset
1347 3527 1668 3581 honestum.

378 3606 480 3678 At,
509 3619 669 3684 pater
698 3617 762 3665 ut
786 3608 965 3683 gnati,
994 3606 1077 3662 sic
1106 3623 1209 3661 nos
1238 3604 1512 3659 debemus
1539 3600 1728 3673 amici,

378 3684 443 3743 si
472 3688 627 3761 quod
656 3687 729 3743 sit
760 3686 976 3756 vitium,
1004 3702 1118 3742 non
1150 3681 1418 3740 fastidire.
1488 3680 1831 3739 Strabonem

377 3763 651 3842 Appellat
677 3775 886 3841 paetum
910 3773 1107 3840 pater3
1150 3773 1207 3820 et
1233 3760 1474 3836 pullum,
1503 3758 1651 3818 male
1679 3775 1885 3837 parvus
2195 3759 2280 3819 46

378 3841 445 3902 Si
471 3845 572 3904 cui
598 3843 751 3903 filius
776 3853 882 3918 est,
909 3851 974 3900 ut
999 3842 1283 3901 abortivus
1310 3839 1417 3898 fuit
1440 3839 1576 3898 olim
