2621 4297
337 328 448 387 15⁴
971 325 1038 382 Q.
1071 323 1364 401 noma-*11
1398 323 1645 373 mcci

408 468 761 540 Proeconem,
780 469 938 527 tenui
967 487 1167 538 censu,
1194 466 1320 524 sine
1348 467 1588 525 crimine
1614 476 1812 524 notum
1830 485 1859 537 3=

410 547 486 605 Et
513 568 808 624 properare
835 549 980 617 loce,
1009 559 1066 603 et
1093 566 1337 618 cessare,
1363 558 1424 604 et
1447 564 1721 621 quaerere,
1748 557 1808 603 et
1834 544 1939 619 uti,
2008 556 2009 559 ’

408 627 768 684 Gaudentem
797 628 1091 702 parvisque
1120 627 1410 682 sodalibus
1434 642 1493 682 et
1521 627 1636 682 lare
1665 637 1841 707 certo,

411 704 488 764 Et
514 707 682 777 ludis,
710 719 786 776 et,
817 720 940 781 post
966 707 1160 761 decisa
1189 706 1435 780 negotia,
1465 704 1701 778 Campe.

412 788 447 815 ‘⁴
475 786 680 841 Scitari
711 787 847 842 libet
874 805 945 842 ex
975 785 1097 860 ipso
1121 802 1475 858 quaecunque
1504 783 1711 840 refers:
1754 781 1850 839 dic

411 865 507 921 Ad
536 873 757 921 coenani
788 865 1029 921 veniat.''
1114 863 1248 919 Nou
1278 862 1417 919 sane
1448 863 1680 918 credere
1712 860 1926 918 Mena:

411 941 609 1000 Mirari
638 962 834 999 secum
856 946 1077 1000 tacitns.
1158 942 1323 1002 Quid
1355 942 1574 997 multa'l
1617 947 1652 970 “
1684 936 2004 1015 Benigne,’'

410 1021 763 1096 Respondet.
847 1028 883 1053 “
911 1023 1100 1096 Neget
1129 1022 1222 1078 ille
1253 1020 1390 1076 mihi
1414 1022 1472 1076 1³³
1505 1025 1540 1049 “
1567 1019 1760 1095 Negat
1789 1020 2098 1094 improbus,
2127 1028 2188 1077 et
2213 1030 2268 1078 te

411 1100 687 1176 Negligit,
716 1114 814 1157 aut
842 1103 1084 1158 horret.''
1174 1101 1463 1157 Vulteium
1494 1097 1661 1155 mane
1692 1099 1987 1174 Philippus

409 1178 564 1236 Vilia
593 1182 934 1237 vendentem
961 1180 1218 1236 tunicato
1244 1191 1434 1235 scruta
1462 1178 1680 1254 popello

409 1258 697 1333 Occupat,
725 1274 783 1316 et
811 1262 1023 1316 salvere
1045 1260 1207 1334 jubet
1235 1259 1401 1332 prior.
1486 1257 1590 1313 llle
1619 1256 1879 1342 Pliilippo

411 1337 702 1394 Excusare
731 1339 977 1396 laborem
1007 1350 1065 1394 et
1095 1338 1446 1394 mercenaria
1474 1337 1678 1407 vincla,

407 1416 588 1477 Quod
620 1437 731 1473 non
764 1416 931 1474 mant}
962 1419 1191 1473 domum
1223 1417 1492 1484 venisset3
1536 1416 1802 1489 denique,
1830 1410 1978 1490 quod
2010 1434 2129 1473 non

408 1495 752 1553 Providisset
778 1515 927 1553 eum.
1011 1502 1045 1524 ‘⁴
1068 1496 1167 1551 Sic
1197 1497 1353 1569 igno.
1369 1496 1475 1550 isse
1502 1506 1699 1569 putato

409 1570 511 1631 Me
539 1576 659 1644 tibi,
688 1577 733 1630 si
763 1594 957 1631 coenas
988 1576 1153 1630 hodie
1183 1575 1466 1630 mecum.’'
1549 1580 1585 1603 “
1612 1574 1689 1629 Ut
1714 1573 1906 1631 libet.''
1991 1579 2027 1605 “
2057 1573 2217 1651 Ergo

409 1654 543 1710 Post
571 1673 778 1710 nonam
810 1654 1033 1710 venies:
1079 1671 1234 1709 nunc
1263 1654 1301 1722 i,
1333 1672 1449 1709 rem
1480 1664 1745 1709 strenuus
1773 1653 1976 1729 auge.'’

408 1732 485 1789 Ut
515 1746 741 1788 ventum
772 1734 841 1788 ad
873 1751 1094 1789 coenam
1126 1744 1230 1801 est,
1260 1733 1507 1788 dicenda
1534 1733 1777 1788 tacenda
1804 1734 2046 1804 locutuS,

409 1811 677 1868 Tandem
708 1813 1012 1868 dormitum
1042 1812 1360 1869 dimittitur.
1445 1811 1580 1882 Hic,
1611 1804 1718 1867 ubi
1736 1809 1888 1887 saepe

407 1890 719 1947 Occultum
751 1892 901 1947 visus
928 1892 1243 1948 decurrere.
1262 1890 1434 1966 piscis
1462 1891 1535 1947 ad
1565 1891 1816 1963 hamum,

409 1967 588 2028 Mane
618 1972 820 2041 cliens»,
847 1983 905 2028 et
927 1971 1044 2046 jam
1074 1983 1264 2027 certus
1291 1971 1546 2040 conviva,
1571 1970 1800 2045 jubetur

411 2049 575 2107 Rura
602 2050 928 2107 suburbana
957 2051 1189 2108 indictis
1216 2068 1411 2107 comes
1441 2051 1520 2106 ire
1550 2048 1784 2106 Latinis

408 2127 716 2206 Impositus
743 2132 968 2188 mannis
996 2148 1188 2188 arvum
1218 2130 1539 2204 coelumque
1570 2129 1871 2186 Sabinum·

408 2208 546 2266 Non
575 2223 761 2266 cessat
788 2210 1036 2266 laudare.
1119 2210 1313 2278 Videt,
1342 2210 1598 2282 ridetque
1629 2208 1957 2285 Philippus:

407 2288 504 2358 Et,
531 2288 639 2344 sibi
668 2289 805 2344 dum
833 2289 1105 2362 requiem,
1134 2288 1272 2343 dum
1301 2288 1446 2343 risus
1476 2288 1726 2361 undique
1752 2287 1970 2363 quaerit,

405 2363 560 2423 Dum
590 2380 803 2441 septem
833 2367 1006 2424 donat
1032 2367 1307 2437 sestertia,
1340 2378 1536 2424 mutua
1562 2378 1780 2441 septem

405 2443 708 2516 Promittit,
737 2447 1037 2520 persuadet
1064 2443 1147 2502 uti
1177 2458 1459 2503 mercetur
1486 2447 1750 2522 agellum.

407 2522 732 2581 Mereatur:
775 2544 848 2582 ne
875 2539 932 2582 te
960 2526 1145 2601 longis
1175 2526 1511 2600 ambagibus
1538 2523 1693 2590 ultra„

402 2602 605 2664 Quam
634 2602 770 2661 satis
797 2616 883 2661 est
910 2624 1094 2662 morer
1118 2625 1132 2674 ;
1175 2625 1247 2662 ex
1269 2605 1451 2661 nitido
1478 2605 1540 2662 fit
1567 2605 1831 2675 rusticuS,
1862 2614 2031 2680 atque

408 2683 614 2740 Sulcos
642 2696 698 2740 et
728 2685 914 2740 vineta
942 2698 1137 2758 crepat
1164 2702 1340 2755 mera,
1368 2695 1643 2760 praeparat
1670 2683 1870 2755 ulmos,

405 2760 735 2818 Immoritur
764 2764 984 2833 studiis»,
1013 2775 1071 2819 et
1098 2783 1288 2821 amore
1317 2764 1565 2820 senescit
1592 2762 1856 2820 habendi.

405 2839 624 2900 Verum
655 2842 750 2896 ubi
778 2860 913 2898 oves
941 2843 1106 2913 farto,
1137 2843 1333 2899 morbo
1361 2841 1582 2917 periere
1610 2842 1861 2917 capellae,

404 2918 579 2994 Spem
612 2920 852 2977 mentita'
872 2937 1054 2996 segeS,
1089 2922 1188 2977 bos
1207 2934 1295 2977 est
1320 2932 1558 2977 enectus
1584 2921 1831 2990 arand03

403 2997 678 3055 Offensus
703 3000 946 3069 damnis,
978 2999 1165 3054 media
1194 3000 1265 3056 de
1295 3011 1464 3056 nocte
1492 3002 1777 3058 caballum

408 3076 643 3150 Arripit,
674 3078 958 3151 iratusque
991 3077 1235 3153 Philippi
1263 3079 1448 3135 tendit
1475 3080 1546 3136 ad
1577 3081 1744 3137 aedes.

399 3155 601 3216 Quem
629 3156 793 3212 simul
823 3157 1040 3232 aspexit
1068 3159 1334 3214 scabrum
1359 3159 1757 3235 intonsumque
1789 3158 2103 3234 Philippus,

405 3239 442 3265 “
469 3233 718 3305 Duru8,'’
750 3235 846 3306 ait,
876 3241 911 3265 ‘⁶
940 3236 1152 3307 Vulssei,
1183 3237 1354 3294 nimis
1381 3249 1741 3313 attentusque
1769 3238 1976 3296 videris

402 3312 546 3371 Esse
574 3315 768 3371 mini.”
853 3321 889 3345 “
915 3315 1033 3386 Pol,
1064 3335 1154 3372 me
1186 3318 1475 3388 miserum,
1504 3329 1759 3393 patrone,
1787 3335 2038 3388 vocares,

403 3393 467 3451 Si
498 3394 725 3465 velleS‚'’
752 3394 952 3469 inquit,
982 3400 1018 3424 ‘⁴
1051 3413 1243 3452 verum
1275 3396 1413 3452 mihi
1437 3416 1648 3471 ponere
1676 3416 1904 3454 nornen.

398 3471 579 3533 Quod
609 3485 665 3530 te
692 3492 791 3547 per
820 3474 1091 3545 Genium,
1120 3463 1506 3550 dextramque,
1530 3477 1777 3551 deosque
1806 3475 2053 3534 Penates

399 3549 662 3608 Obsecro
690 3564 747 3608 et
773 3553 1041 3620 obtestor,
1069 3555 1197 3611 vitae
1224 3571 1318 3610 me
1346 3556 1521 3612 redde
1547 3555 1775 3630 priori.''

479 3628 604 3688 Qui
632 3632 807 3686 semel
837 3633 1055 3705 aspexit
1080 3630 1356 3705 quantum
1387 3634 1619 3690 dimissa
1645 3634 1837 3709 petitis

401 3702 699 3777 Praestent,
729 3708 947 3765 mature
978 3711 1190 3780 rede‘tt,
1214 3724 1541 3786 repetatque
1572 3714 1791 3771 relicta.

403 3778 599 3837 Metiri
626 3803 688 3839 se
715 3803 995 3860 quemque
1024 3803 1129 3844 suo
1158 3790 1389 3847 modulo
1415 3808 1484 3848 ac
1511 3791 1658 3865 pede
1687 3809 1885 3850 verum
1911 3800 2014 3849 est.

2233 1257 2307 1316 65

2233 1653 2307 1712 70

2230 2048 2306 2108 75
