2621 4297
1034 340 1098 398 Q.
1133 339 1430 389 HORATH
1462 339 1712 389 FLACCI

694 481 900 548 Quum
924 483 1271 559 promineret
1294 501 1414 554 ore,
1441 478 1719 557 quantum
1746 490 1977 555 exstant
2000 481 2152 558 aqud
2282 481 2364 544 85

1013 561 1307 636 Suspensa
1334 572 1528 617 mento
1554 579 1822 636 corpora:

695 638 918 700 Exusta
941 636 1027 697 uti
1054 639 1305 695 medulla
1331 650 1389 696 et
1404 640 1638 701 ‘aridum
1659 639 1825 714 jecur

1013 718 1246 775 Amoris
1272 729 1423 774 esset
1449 717 1738 793 poculum,

696 795 1074 857 Inter-minato
1099 814 1274 871 quum
1303 796 1480 853 semel
1509 795 1634 852 fixae
1662 796 1793 854 cibo

1012 873 1406 933 lntabuissent
1431 875 1677 950 pupulae.
2280 874 2361 933 40

694 951 834 1014 Non
860 952 1108 1011 defuisse
1136 954 1406 1010 masculae
1433 952 1690 1010 libidinis

1013 1032 1442 1089 Ariminensem
1470 1030 1714 1104 Foliam,

696 1108 775 1170 Et
798 1111 980 1170 otiosa
1005 1110 1248 1168 credidit
1275 1109 1568 1185 NeapoliS,

1015 1188 1092 1246 Et
1116 1207 1289 1247 omne
1318 1189 1570 1245 vicinum
1591 1187 1883 1264 oppidum,
2220 1257 2227 1261 ·

696 1266 854 1333 Quae
881 1268 1087 1339 sidera,
1117 1277 1421 1325 excantata
1447 1286 1587 1324 voce
1615 1265 1920 1340 Thessalss,
2280 1267 2358 1326 45

1016 1344 1355 1419 Lunamque
1382 1347 1529 1402 coelo
1555 1346 1775 1420 deripit.

697 1423 821 1483 mo
845 1423 1179 1482 irresectum
1209 1442 1361 1485 saeva
1386 1423 1558 1480 dente
1585 1423 1760 1480 livido

1013 1500 1259 1557 Canidia
1285 1500 1496 1557 rodens
1522 1500 1807 1575 pollicem,

693 1578 860 1642 Quid
888 1578 1070 1635 dixit?
1110 1588 1210 1634 aut
1235 1578 1370 1652 quid
1401 1579 1625 1635 tacuit'l
1668 1582 1704 1609 “
1724 1578 1782 1635 O
1807 1578 1982 1637 rebus
2008 1579 2156 1638 meis

1012 1653 1149 1714 Non
1178 1655 1438 1713 infideles
1466 1656 1710 1729 arbitrtu,
2275 1659 2355 1719 50

695 1732 834 1794 Nox
858 1744 918 1793 et
944 1733 1133 1794 Diana
1159 1754 1284 1810 quae
1314 1734 1604 1792 silentium
1631 1735 1804 1812 regis,

1015 1815 1251 1872 Arcana
1276 1833 1453 1888 quum
1483 1813 1627 1872 fiunt
1653 1833 1817 1872 sacra
1840 1834 1856 1884 ;
1972 1818 1980 1825 '

698 1890 899 1966 Nunc,
926 1911 1084 1951 nunc
1113 1893 1341 1962 adeste3
1386 1911 1544 1949 nunc
1575 1893 1634 1950 in
1664 1893 1897 1950 hostiles
1923 1892 2122 1953 domos

1016 1971 1167 2029 Iram
1195 1983 1365 2046 atque
1393 1991 1609 2029 numen
1637 1973 1857 2030 vertite.

696 2048 1104 2110 Formidolosae
1133 2051 1271 2108 dum
1298 2051 1479 2108 latent
1505 2050 1660 2108 silvis
1689 2050 1841 2124 ferae,
2277 2051 2358 2110 56

1016 2128 1189 2187 Dulci
1218 2148 1418 2206 sopore
1445 2128 1751 2205 languidae,

698 2208 932 2281 Senem,
959 2209 1111 2283 quod
1138 2227 1340 2265 omnes
1367 2207 1610 2279 rideant,
1640 2208 1962 2267 adulterum

1011 2284 1250 2342 Latrent
1278 2280 1596 2343 Suburanae
1624 2305 1820 2359 canes,

695 2361 898 2424 Nardo
922 2374 1285 2440 perunctum,
1315 2364 1482 2439 quale
1509 2383 1625 2422 non
1652 2365 1963 2440 perfectius

1012 2441 1165 2499 Meae
1192 2443 1504 2500 laborarint
1529 2462 1751 2502 manus.
2190 2487 2201 2497 .
2275 2444 2360 2504 6⁰

693 2519 860 2585 Quid
886 2521 1138 2580 accidit?
1179 2541 1283 2579 cur
1310 2523 1436 2579 dira
1464 2522 1716 2579 barbarae
1743 2518 1937 2581 minus

1010 2600 1258 2658 Venena
1287 2599 1513 2657 Medeae
1541 2601 1750 2673 valent,

693 2677 929 2743 Quibus
954 2679 1254 2834 suffrbam
1286 2679 1430 2754 fugit
1457 2680 1575 2736 ulta
1600 2680 1884 2755 pellicem,

1196 2779 1214 2815 1
1243 2756 1510 2815 Creontis
1537 2758 1730 2830 filiam,

693 2834 897 2899 Quum
924 2836 1091 2914 palla,
1120 2837 1253 2893 tabo
1283 2853 1492 2891 munus
1522 2836 1822 2906 imbutum,
1850 2854 2060 2895 novam
2217 2854 2225 2861 ·
2277 2836 2360 2905 65

1009 2912 1292 2969 lucendio
1320 2923 1555 2986 nuptam
1583 2912 1855 2971 abstulit?

694 2990 873 3067 Atqui
899 3009 1010 3048 nec
1038 2990 1214 3046 herba
1242 3008 1351 3045 nec
1373 2990 1600 3047 latens
1585 3009 1644 3047 ιιι
1668 2991 1883 3068 asperis

1009 3067 1204 3124 Radix
1232 3067 1430 3125 fefellit
1457 3088 1549 3126 me
1576 3065 1735 3127 locis·

693 3145 976 3206 Indormit
1000 3147 1193 3204 unctis
1219 3148 1479 3204 omnium
1507 3148 1793 3207 cubilibus

1009 3224 1312 3285 Oblivione
1340 3227 1628 3303 pellicum.
2042 3247 2051 3250 “
2276 3225 2360 3289 ΊὉ

694 3303 825 3364 Ah!
868 3305 974 3364 ahl
1005 3305 1222 3363 solutus
1249 3307 1503 3364 ambulat
1529 3307 1799 3366 venefica

1012 3384 1347 3443 Scientioris
1374 3385 1646 3442 carmine.

692 3458 834 3524 Non
859 3462 1099 3536 usitatiS,
1130 3464 1302 3536 Vare,
1330 3464 1675 3539 potionibus,

1012 3543 1070 3600 Ο
1099 3544 1277 3600 multa
1304 3541 1571 3600 fleturum
1599 3542 1799 3619 caput!
2308 3601 2326 3608 ,

629 3687 640 3691 -
693 3619 792 3679 Ad
816 3637 912 3679 me
935 3639 1226 3690 recurres;
1269 3641 1382 3677 nec
1410 3633 1608 3679 vocata
1636 3640 1801 3680 mens
1824 3631 1925 3681 tut
2276 3618 2363 3681 ⁷5

1007 3696 1216 3754 Marsis
1243 3699 1451 3756 redibit
1478 3699 1728 3756 vocibus.

693 3771 886 3852 Hujus
909 3774 1141 3852 parabo,
1170 3776 1356 3851 majus
1383 3775 1682 3834 infundam
1708 3774 1813 3837 tibi

1010 3849 1352 3911 Fastidienti
1377 3852 1666 3930 poculum.
