2621 4297
1024 340 1423 395 CARMINUM
1458 345 1589 396 LIB.
1625 346 1697 398 11.

1096 543 1105 547 ’
1204 562 1375 623 ont:
1402 562 1513 624 x1.

1108 699 1188 739 An
1215 701 1606 744 POSTHUMUM.

685 793 893 854 Eunu!
938 795 1191 874 fugaces,
1221 799 1550 874 Posthume,
1579 803 1907 882 Posthume,

684 872 980 932 Labuntur
1010 879 1178 936 anni:
1220 898 1331 936 nec
1358 881 1539 955 pietas
1575 902 1790 943 moram

761 953 951 1030 Rugis
978 965 1037 1012 et
1064 956 1297 1015 instanti
1325 970 1571 1016 senectae

840 1031 1078 1106 Afferet,
1101 1036 1502 1111 indomitaeque
1524 1041 1707 1097 morti.

588 1164 615 1172 ,
681 1107 836 1182 Non,
865 1110 913 1167 si
940 1114 1483 1189 trecenis‚quotquot
1518 1128 1658 1191 eunt
1683 1118 1825 1193 dies,

680 1188 906 1260 Amice,
935 1189 1127 1263 places
1154 1193 1619 1266 illacrymabilem

757 1267 1005 1325 Plutona
1032 1271 1208 1326 tauris
1230 1291 1246 1339 ;
1288 1271 1387 1345 qui
1414 1280 1500 1328 ter
1527 1272 1776 1349 amplum

833 1346 1139 1420 Geryonen
1170 1347 1497 1423 Tityonque
1524 1351 1667 1410 tristi

678 1422 1004 1499 compescit
1030 1427 1206 1499 unda,
1235 1428 1457 1486 scilicet
1483 1431 1768 1508 omnibus,

673 1501 1025 1578 Quicunque
1051 1515 1214 1562 terrae
1242 1525 1481 1564 munere
1508 1511 1810 1585 vescimur,

645 1589 649 1595 ’
754 1580 1146 1657 Enavigandfi,
1175 1585 1291 1642 sive
1320 1605 1504 1662 reges,

835 1660 967 1717 Sive
996 1662 1193 1737 inopes
1220 1665 1433 1721 erimus
1460 1665 1662 1725 coloni.

676 1736 913 1797 Frustra
940 1751 1179 1799 cruento
1206 1741 1395 1801 Marte
1425 1747 1766 1822 carebimus,

673 1815 1004 1893 Fractisque
1031 1820 1189 1877 rauci
1217 1820 1484 1880 fluctibus
1512 1824 1781 1899 Hadriae3

751 1895 988 1954 Frustra
1013 1917 1114 1973 per
1142 1910 1445 1959 autumnos
1472 1916 1782 1966 nocentem

829 1975 1175 2050 Corporibus
1200 1991 1521 2037 metuemus
1549 1981 1843 2045 Austrum.

669 2051 965 2110 Visendus
993 2063 1112 2110 ater
1138 2054 1374 2113 flumine
1399 2058 1671 2133 languido

670 2117 924 2207 Cocy'tus
950 2152 1165 2206 errans,
1195 2144 1252 2191 et
1278 2133 1472 2193 Danai'
1495 2156 1683 2212 genus

750 2210 994 2284 Infame,
1025 2213 1436 2290 damnatusque
1463 2216 1619 2294 longi

827 2290 1102 2366 Sisyphus
1131 2292 1389 2351 AEolides
1415 2295 1641 2356 laboris.

669 2366 1006 2443 Linquenda
1032 2371 1219 2443 tellus,
1247 2383 1305 2429 et
1332 2374 1554 2448 domus,
1583 2388 1640 2435 et
1666 2379 1898 2454 placens

669 2446 823 2506 Uxor
847 2469 860 2505 ε
903 2468 1088 2525 neque
1117 2451 1320 2507 harum
1348 2471 1487 2526 quas
1514 2456 1656 2513 colis
1683 2460 1946 2521 arborum

746 2525 858 2599 Te,
886 2540 1087 2602 praeter
1116 2529 1328 2586 invisas
1357 2549 1675 2606 cupressos,

823 2604 953 2663 Ulla
983 2607 1205 2665 brevem
1235 2609 1528 2668 dominum
1555 2624 1837 2687 sequetur.

670 2682 949 2743 Absumet
977 2685 1158 2743 haeres
1185 2687 1441 2745 Caecuba
1472 2690 1695 2765 dignior

671 2761 903 2821 Servata
929 2774 1165 2822 centum
1193 2766 1475 2837 clavibus;
1518 2781 1577 2826 et
1603 2790 1760 2832 mero

745 2840 964 2918 Tinget
987 2844 1375 2919 pavimentum
1402 2848 1707 2923 superbum

821 2920 1163 2982 Pontificum
1190 2924 1405 3001 potiore
1432 2928 1629 2987 coenis.

1163 3239 1331 3300 ODE
1357 3242 1501 3303 XII.

910 3375 979 3416 m
1018 3376 1114 3419 sm
1155 3367 1381 3422 sai-cnm
1422 3382 1755 3424 mxumae.

662 3469 790 3530 JAM
827 3493 1012 3550 pauca
1039 3486 1223 3532 aratro
1246 3479 1450 3552 jugera
1475 3480 1648 3551 regiae

661 3548 846 3611 Moles
871 3553 1227 3627 relinquent:
1270 3555 1522 3629 undique
1549 3554 1720 3616 latius

736 3629 987 3708 Ententa
1014 3632 1263 3689 visentur
1291 3631 1544 3692 Lucrino

818 3711 1038 3786 Stagna
1062 3711 1226 3781 lacu3
1267 3711 1640 3791 platanusque
1666 3718 1883 3779 coelebo

658 3783 904 3846 Evincet
929 3789 1144 3847 ulmos:
1186 3800 1308 3848 tum
1336 3792 1566 3851 violaria
1591 3805 1650 3852 et

660 3861 908 3943 Myrtus,
937 3878 997 3925 et
1019 3869 1204 3928 omnis
1232 3871 1398 3949 copia
1422 3872 1646 3930 narium

2270 355 2343 415 81

2263 1523 2337 1582 1⁰

2260 1916 2333 1974 15
