2621 4297
923 330 1335 382 samnitum
1372 331 1503 381 ue.
1539 331 1612 381 11.
1645 335 1695 381 τ.
2194 337 2310 398 189

398 475 581 544 Dum,
609 492 737 550 quae
768 473 1017 550 Crispini
1045 476 1243 532 docuit
1269 493 1363 531 me
1384 474 1614 550 janitor,
1641 475 1770 534 edo.
2227 478 2308 537 45

399 559 439 588 “
460 554 596 611 Non
615 572 744 609 sum
769 554 1082 622 moechu8,''
1107 554 1206 609 ais.
1269 553 1476 627 Neque
1497 572 1624 628 ege,
1650 554 1902 627 hercule,
1921 553 2029 627 sur,
2049 554 2149 615 ubi
2175 574 2310 615 vase

399 633 690 691 Praetereo
718 631 945 707 sapiens
972 645 1259 706 argentea.
1344 631 1513 687 Tolle
1543 632 1834 706 periclum,

401 711 439 769 J
445 731 536 769 am
560 730 703 786 vaga
730 711 983 785 prosiliet
1011 710 1200 766 fraenis
1227 720 1432 766 natura
1458 711 1704 768 remotis·

401 789 579 846 Tune
602 790 742 845 mihi
771 789 1059 860 dominus»,
1087 807 1276 845 rerum
1306 789 1558 864 imperiis
1586 789 1992 865 hominumque

401 868 524 927 Tot
550 869 833 942 tantisque
862 867 1068 938 minor,
1094 886 1262 941 quem
1293 878 1380 924 ter
1407 868 1656 924 vindicta
1683 882 1992 944 quaterque
2226 868 2310 928 50

403 946 681 1022 Imposita
708 947 859 1003 haud
892 964 1136 1020 unquam
1168 947 1374 1002 miserti
1404 945 1702 1003 formidine
1730 948 1951 1023 privet?

404 1026 576 1083 Adde
606 1044 798 1101 super,
819 1025 990 1081 dietis
1014 1025 1163 1099 quod
1192 1044 1305 1082 non
1336 1023 1515 1082 levius
1542 1025 1755 1083 valeat:
1798 1043 1934 1083 uam

401 1105 539 1162 Sive
568 1104 813 1160 vicarius
839 1115 944 1173 est,
974 1104 1069 1177 qui
1097 1122 1259 1160 servo
1288 1116 1465 1177 paret,
1496 1110 1576 1160 uti
1607 1123 1731 1160 mos
1838 1111 1843 1116 ’

402 1182 607 1240 Vester
636 1184 734 1253 ait,
765 1200 866 1239 seu
893 1201 1231 1250 conservus3
1273 1182 1376 1237 tibi
1405 1182 1539 1255 quid
1569 1200 1693 1237 sum
1723 1182 1870 1257 ego?
1948 1180 2176 1258 Nempe

402 1260 521 1331 Tu,
551 1260 693 1317 mihi
720 1262 815 1336 qui
847 1260 1153 1335 imperitae,
1184 1260 1313 1317 aliis
1340 1260 1514 1315 servis
1543 1259 1732 1331 miser,
1764 1273 1929 1335 atque
2228 1260 2309 1318 55

403 1340 649 1399 Duceris
680 1353 740 1397 ut
768 1340 956 1396 nervis
984 1339 1186 1396 alienis
1215 1338 1422 1395 mobile
1450 1338 1687 1412 lignum.
1888 1344 1895 1355 ‘

400 1419 696 1481 Quisnam
726 1419 898 1494 igitur
925 1417 1059 1475 liber
1086 1419 1110 1474 'l
1153 1417 1414 1493 Sapiens,
1443 1416 1549 1474 sibi
1577 1416 1675 1491 qui
1702 1416 2070 1493 imperiosus3
2170 1460 2181 1471 x

401 1498 601 1560 Quem
631 1516 817 1572 neque
845 1497 1162 1573 pauperieS,
1191 1514 1377 1569 neque
1406 1514 1573 1565 mom,
1598 1514 1780 1570 neque
1811 1496 2036 1554 vincula
2059 1496 2306 1565 terrent3

402 1576 772 1652 Rei-sponsare
800 1576 1183 1651 cupidinibus,
1212 1587 1580 1632 contemnere
1608 1575 1850 1632 honores

404 1655 612 1726 Fortis,
641 1667 701 1713 et
727 1657 787 1712 in
815 1656 1001 1729 seipso
1029 1666 1197 1724 totuS,
1225 1666 1375 1711 teres
1403 1666 1571 1728 atque
1598 1654 1892 1726 rotundus,
2227 1652 2310 1711 6⁰

403 1734 642 1792 Externi
671 1753 746 1791 ne
772 1733 907 1808 quid
938 1734 1118 1790 valeat
1143 1753 1242 1808 per
1269 1732 1393 1789 leve
1421 1733 1663 1802 morari;

405 1812 476 1871 In
501 1833 675 1889 quem
703 1831 911 1869 manca
939 1813 1051 1869 ruit
1078 1830 1300 1887 semper
1329 1810 1598 1868 Fortuna.
1680 1810 1925 1869 Potesne

404 1891 494 1949 Ex
524 1894 612 1949 his
639 1904 704 1949 ut
728 1892 1014 1967 proprium
1042 1891 1176 1966 quid
1209 1891 1486 1948 noscere?
1566 1889 1843 1965 Quinque
1870 1887 2083 1947 talenta

403 1970 597 2030 Poscit
624 1983 682 2029 te
711 1970 934 2041 mulier,
963 1980 1147 2040 vexat,
1178 1968 1501 2043 foribusque
1527 1968 1818 2042 repulsum

404 2049 706 2108 Perfundit
725 2049 955 2125 gelida:
1000 2066 1194 2104 rursus
1221 2058 1400 2104 vocat.
1483 2045 1657 2120 Eripe
1685 2045 1835 2120 turpi
2226 2043 2309 2103 65

404 2129 570 2189 Colla
589 2130 763 2207 jugo:
807 2133 843 2159 “
866 2126 1057 2199 Liber,
1086 2126 1229 2184 liber
1258 2126 1440 2197 sum‚”
1472 2112 1567 2181 die
1595 2142 1717 2200 age.
1801 2120 1938 2181 Non
1964 2120 2125 2200 quin

403 2208 592 2286 Urget.
610 2210 766 2266 enini
791 2208 1061 2265 dominus
1088 2217 1336 2263 mentem
1367 2223 1481 2261 non
1505 2203 1668 2275 lenis,
1697 2215 1756 2262 et
1782 2221 1945 2261 aeres

406 2289 706 2365 Subjeotat
733 2288 881 2344 lasso
901 2287 1176 2356 stimulos,
1207 2295 1499 2358 versatque
1524 2294 1851 2358 negantem.

404 2368 537 2439 Vel,
564 2386 740 2444 quum
770 2365 1048 2422 Pausiaca
1076 2375 1284 2439 torpeS,
1314 2363 1533 2432 insane,
1561 2362 1789 2429 tabella,

402 2445 530 2509 Qui
560 2463 772 2522 peenas
799 2442 991 2501 minus
1020 2455 1187 2518 atque
1208 2460 1337 2517 ego,
1363 2459 1537 2516 quum
1570 2440 1734 2498 Fulvi
1764 2439 2151 2514 Rutubteque,
2229 2436 2310 2497 ‘7⁰

405 2525 528 2583 Aut
556 2524 907 2582 Placideiani
937 2533 1206 2579 contento
1232 2520 1442 2596 poplite
1469 2518 1642 2575 miror

404 2603 635 2674 Proelia,
664 2602 891 2660 rubrica
917 2602 1071 2677 pieta
1099 2612 1197 2657 aut
1224 2599 1505 2665 carbone;
1548 2596 1700 2653 velut
1724 2596 1774 2652 ei

405 2683 501 2741 Re
532 2684 666 2740 vera
695 2692 969 2757 pugnent,
999 2680 1212 2737 feriant.
1233 2677 1518 2750 vitentque
1547 2685 1840 2731 moventes

406 2763 591 2820 Arma
617 2760 760 2817 viril
838 2759 1102 2834 Nequam
1131 2769 1190 2814 et
1215 2768 1465 2812 cessator
1493 2753 1722 2823 Davum
1765 2763 1824 2810 at
1848 2750 1970 2828 ipse

407 2839 648 2899 Subtilis
677 2850 928 2896 veterum
951 2838 1128 2914 judex
1155 2846 1214 2892 et
1239 2834 1483 2892 callidus
1510 2832 1691 2889 audis.
2230 2828 2312 2889 75

406 2918 509 2976 Nil
539 2938 668 2994 ego,
697 2919 744 2975 si
771 2918 949 2974 ducor
976 2917 1091 2974 libo
1120 2915 1405 2972 fumante:
1448 2912 1550 2969 tibi
1579 2912 1784 2988 ingens

407 2999 609 3057 Virtus
636 3009 804 3073 atque
833 2996 1059 3055 animus
1085 2993 1266 3051 ooenis
1293 3003 1586 3067 responsat
1609 2988 1834 3067 opimis.

406 3076 768 3151 Obsequium
798 3075 1010 3131 ventris
1036 3074 1175 3130 mihi
1203 3070 1579 3147 perniciosius
1604 3082 1722 3127 est:
1765 3067 1908 3126 eur?

406 3155 608 3233 'Pergo
633 3157 853 3231 plector
879 3154 1052 3210 enim.
1131 3150 1257 3212 Qui
1286 3163 1349 3209 tu
1378 3149 1706 3225 impunitior
1734 3147 1850 3219 illa,

405 3234 563 3296 Quae
591 3254 764 3310 parvo
791 3232 940 3289 sumi
970 3241 1282 3305 nequeunt,
1309 3248 1484 3304 quum
1511 3227 1750 3286 obsonia
1775 3224 2012 3301 captas?
2233 3217 2316 3278 ω

409 3313 635 3389 Nempe
664 3313 1086 3371 inamarescunt
1112 3310 1294 3385 epulae
1322 3308 1445 3365 sine
1475 3307 1588 3364 line
1614 3307 1827 3381 petitae,

410 3392 689 3465 Illusique
717 3392 892 3469 pedes
921 3389 1180 3447 vitiosum
1211 3389 1356 3445 ferre
1384 3396 1669 3444 recusant·

407 3472 649 3547 Corpus,
734 3472 832 3527 An
862 3469 956 3526 hie
983 3479 1205 3543 peceat,
1232 3467 1341 3521 sub
1368 3475 1593 3521 noctem
1620 3458 1717 3535 qui
1743 3475 1884 3534 puer
1910 3472 2079 3515 uvam

415 3551 704 3608 Furtivam
734 3559 916 3605 mutat
942 3547 1141 3621 strigili
1164 3547 1188 3600 Ἰ
1229 3544 1324 3617 qui
1352 3541 1566 3616 praedia
1592 3537 1804 3608 vendit,

412 3631 512 3689 Nil
541 3631 763 3698 servile,
791 3628 939 3704 guloe
966 3643 1193 3700 parens,
1224 3621 1433 3677 habet?
1514 3616 1704 3688 Adde,
1732 3611 1886 3690 quod
1913 3611 2068 3671 idem
2233 3608 2320 3672 85

411 3711 547 3769 Non
578 3712 774 3768 horam
804 3717 996 3762 teeum
1024 3722 1151 3760 esse
1179 3711 1372 3776 potes;
1416 3717 1531 3755 non
1557 3696 1674 3754 otia
1701 3690 1857 3753 recte

413 3790 669 3859 Ponere;
713 3798 884 3860 teque
912 3786 1100 3861 ipsum
1128 3777 1591 3857 vitae,.sugitivus
1617 3786 1680 3833 ut
1704 3790 1852 3845 erro,
