2621 4297
957 294 1018 351 Q.
1055 293 1351 342 HORATII
1385 294 1635 344 FLACCI

615 435 875 494 Nubium
903 447 1150 494 tractus:
1192 457 1321 514 ego,
1337 438 1473 514 apis
1501 436 1737 495 Matinae

1094 516 1257 574 More
1286 518 1589 591 modoque,

614 594 793 650 Grata
819 596 1105 670 carpentis
1134 597 1328 670 thyma
1355 616 1455 671 per
1483 596 1735 654 laborem

618 672 954 744 Plurimum,
984 674 1139 730 circa
1170 693 1374 731 nemus
1404 675 1670 750 uvidique

619 750 854 810 Tiburis
882 753 1032 828 ripas
1059 773 1293 830 operosa
1322 773 1531 829 parvus

1093 833 1366 889 Carmina
1395 834 1563 910 fingo.

616 909 908 967 Concines
937 911 1147 987 majore
1175 917 1346 987 poeta
1371 912 1587 987 plectro

617 988 925 1062 Caesarem,
952 991 1292 1066 quandoque
1321 994 1506 1049 trahet
1536 992 1751 1048 feroces

617 1067 727 1127 Per
749 1087 974 1126 sacrum
1004 1071 1233 1141 clivum,
1262 1072 1465 1127 merita
1494 1072 1736 1128 decorus

1092 1148 1343 1221 Fronde,
1374 1149 1732 1220 Sicambros3

614 1224 755 1287 Quo
781 1226 924 1284 nihil
952 1226 1136 1303 majus
1165 1229 1437 1285 meliusve
1463 1229 1629 1286 terris

619 1304 765 1362 Fata
790 1305 1095 1377 donavere,
1126 1308 1371 1382 bonique
1399 1309 1534 1379 divi,

616 1382 749 1441 Nec
776 1385 1014 1456 dabunt,
1041 1387 1299 1458 quamvis
1327 1387 1564 1443 redeant
1591 1386 1651 1442 in
1681 1403 1881 1442 aurum

1092 1462 1385 1537 Tempora
1413 1466 1680 1540 priscum.

617 1539 909 1597 Concines
936 1540 1205 1615 laetosque
1232 1543 1357 1598 dies
1377 1555 1434 1600 et
1462 1543 1632 1600 Urbis

618 1618 921 1677 Publicum
950 1620 1169 1692 ludum,
1199 1640 1367 1696 super
1398 1622 1696 1697 impetrato

620 1696 807 1755 Fortis
836 1699 1085 1774 Augusti
1113 1700 1320 1771 reditu,
1350 1700 1643 1775 forumque

1093 1778 1317 1835 Litibus
1342 1780 1561 1837 orbum.

616 1853 775 1912 Tum
803 1874 946 1912 meae
979 1855 1054 1931 (si
1080 1859 1217 1931 quid
1246 1859 1439 1933 loquar
1469 1859 1848 1939 audiendum)

614 1934 794 1992 Vocis
821 1936 1060 1992 accedet
1088 1937 1237 1993 bona
1262 1957 1426 2013 pars3
1469 1950 1547 2012 et,
1572 1959 1609 1997 o
1637 1937 1733 1996 Sol

616 2012 897 2074 Pulcher!
940 2035 977 2073 o
1001 2015 1319 2073 laudande!
1363 2036 1589 2091 canam,
1617 2025 1848 2093 recepto

1090 2094 1319 2154 Caesare
1335 2096 1497 2155 'felix.

614 2171 825 2248 Tuque
853 2173 991 2229 dum
1017 2176 1298 2248 procediS,
1330 2181 1365 2205 “
1388 2175 1455 2232 Io
1482 2176 1767 2250 triumphe
1785 2176 1837 2232 l”

613 2249 751 2308 Non
779 2252 952 2307 semel
982 2251 1260 2322 dicemus,
1290 2257 1327 2282 “
1350 2252 1415 2309 Io
1443 2255 1727 2329 triumphe
1746 2255 1799 2312 l”

617 2328 834 2386 Civitas
860 2329 1066 2401 omnis,
1096 2330 1470 2405 dabimusque
1498 2332 1642 2390 divis

1091 2408 1293 2466 Thura
1321 2410 1602 2486 benignis.

615 2484 710 2544 Te
737 2486 941 2543 decem
969 2488 1115 2545 tauri
1143 2489 1493 2564 totidemque
1521 2510 1731 2565 vaccae,

617 2562 718 2623 Me
746 2576 908 2623 tener
935 2567 1112 2625 solvet
1138 2568 1365 2639 vitulus,
1393 2570 1594 2628 relicta

616 2641 824 2718 Matre,
851 2646 949 2721 qui
975 2646 1148 2722 largis
1168 2647 1490 2722 juvenescit
1518 2648 1710 2707 herbis

1091 2725 1162 2782 In
1194 2746 1322 2803 mea
1350 2738 1494 2800 vota,

618 2800 847 2860 Fronte*
858 2815 1121 2862 curvatos
1149 2805 1399 2862 imitatus
1425 2808 1589 2881 ignes

617 2877 885 2939 Tertium
914 2881 1098 2938 Lunae
1127 2883 1432 2939 referentis
1456 2896 1663 2956 ortum,

615 2956 759 3021 Qua
785 2970 979 3018 notam
1009 2960 1171 3017 duxit
1197 2961 1398 3016 niveus
1425 2962 1626 3036 videri,

1091 3037 1318 3095 Caetera
1345 3038 1547 3098 fulvus.

1143 3320 1315 3412 ons
1355 3353 1438 3414 11.

1021 3490 1104 3531 AD
1131 3493 1572 3537 MELPOMENEN.

851 3589 1047 3651 Quen
1073 3604 1158 3664 tu,
1187 3592 1573 3670 Melpomene,
1599 3593 1775 3656 semel

541 3665 890 3726 Nmentem
918 3669 1147 3743 placido
1174 3672 1393 3729 lumine
1421 3674 1647 3746 videris,

856 3744 1031 3803 Illum
1060 3766 1176 3804 non
1203 3748 1361 3807 labor
1390 3751 1665 3807 Isthmius

539 3798 798 3883 curabit
821 3824 1096 3902 pugnem,
1123 3844 1241 3884 non
1267 3846 1449 3903 equus
1473 3828 1716 3907 impiger
