2621 4297
628 674 724 768 Q.
803 674 1360 751 HORATII
1441 680 1922 756 FLACCI

958 921 1595 993 CARMINUM
1689 884 1700 894 ’

957 1162 1168 1214 LIBER
1198 1165 1586 1217 SECUNDUS·
1633 1218 1644 1225 .

1136 1609 1305 1669 ODE
1346 1610 1393 1669 I.

899 1745 981 1784 AD
1007 1745 1264 1788 Aslmtm
1290 1748 1653 1791 Pomona.
1663 1772 1676 1777 -

603 1843 837 1904 Mo'rtm
862 1862 935 1901 ex
962 1844 1198 1905 Metello
1217 1848 1451 1906 consule
1478 1849 1745 1926 civicum,

603 1924 856 1999 Bellique
884 1943 1106 1997 causas,
1136 1935 1194 1982 et
1220 1927 1372 1999 vitia,
1400 1938 1459 1984 et
1485 1929 1702 2004 modos,

678 2002 1024 2075 Luciumque
1052 2002 1343 2076 Fortunae,
1372 2025 1681 2081 gravesque

756 2079 1094 2156 Principum
1122 2081 1418 2161 arnicitias,
1446 2092 1504 2139 et
1530 2102 1686 2142 arma

600 2159 877 2219 Nondum
904 2160 1142 2235 expiatis
1170 2171 1343 2217 uncta
1369 2162 1682 2237 cruoribus,

600 2239 939 2299 Periculosae
965 2238 1198 2313 plenum
1224 2258 1366 2314 opus
1386 2240 1545 2314 aleae,

681 2317 945 2388 TractaS,
971 2327 1030 2375 et
1056 2318 1277 2375 incedis
1300 2339 1401 2394 per
1422 2320 1585 2396 ignes

757 2396 1089 2472 Suppositos
1115 2396 1295 2453 cineri
1322 2398 1531 2464 doloso.

601 2472 840 2534 Paulum
868 2493 1077 2532 severae
1106 2472 1279 2530 Musa
1303 2477 1592 2551 tragoediae

600 2553 763 2612 Desit
789 2554 1020 2631 theatris
1044 2573 1057 2610 :
1100 2571 1251 2624 mox,
1280 2552 1379 2610 ubi
1405 2554 1660 2629 publicas

674 2632 799 2691 Res
822 2632 1123 2703 ordinaris,
1151 2632 1368 2706 grande
1395 2651 1604 2690 munus

758 2710 1040 2785 Cecropio
1067 2720 1288 2784 repetes
1316 2712 1613 2784 cothurno,

603 2789 835 2866 Insigne
864 2789 1079 2846 moestis
1105 2789 1432 2863 praesidium
1463 2790 1593 2861 reis,

601 2868 676 2927 Et
701 2868 1040 2940 consulenti,
1069 2866 1266 2940 Pollio,
1295 2868 1470 2925 curiae
1493 2888 1509 2939 ς

678 2948 793 3006 Cui
819 2948 1010 3004 laurus
1039 2958 1277 3004 aeternos
1305 2948 1548 3005 honores

754 3024 1076 3084 Dalmatico
1100 3028 1321 3101 peperit
1347 3027 1648 3103 triumpho.

603 3104 732 3162 Jam
762 3124 920 3161 nunc
946 3105 1154 3162 minaci
1184 3124 1476 3163 murmure
1505 3125 1783 3166 cornuum

598 3183 939 3258 Perstringis
966 3202 1160 3241 aures:
1199 3184 1315 3259 jam
1342 3185 1467 3243 litui
1495 3196 1751 3262 strepunt
1765 3206 1783 3257 ς

675 3262 805 3319 Jam
837 3261 1016 3337 fulgor
1044 3282 1326 3320 armorum
1356 3264 1587 3340 fugaces

752 3340 960 3399 Terret
985 3361 1175 3418 equOS,
1203 3343 1567 3418 equitumque
1594 3345 1800 3402 vultus.

601 3418 815 3477 Audire
843 3439 1081 3496 magnos
1103 3422 1220 3496 jam
1247 3422 1442 3477 videor
1470 3423 1649 3476 duces

597 3495 731 3556 Non
758 3500 1030 3556 indecoro
1056 3498 1286 3572 pulvere
1317 3497 1593 3566 sordidoS,

681 3575 755 3635 Et
781 3587 995 3634 cuncta
1019 3587 1294 3632 terrarum
1319 3573 1555 3629 subacta

758 3649 971 3713 Praeter
999 3664 1249 3711 atrocem
1277 3650 1530 3710 animum
1558 3650 1809 3715 catonis.

601 3732 773 3805 suno,
800 3744 860 3791 et
885 3734 1118 3791 deorum
1146 3730 1398 3805 quisquis
1424 3733 1657 3792 amicior

606 3810 759 3871 Afris
784 3811 968 3870 inulta
994 3821 1243 3869 cesserat
1269 3810 1551 3886 impotens

2187 2560 2260 2620 10

2183 2953 2259 3013 15
