2621 4297
954 310 1018 368 Q.
1053 305 1346 360 HORATII
1379 310 1644 360 FLACCI.

709 451 925 519 Tutela.
952 453 1199 510 Saturno
1226 453 1515 528 refulgens

788 529 1030 605 Eripuit,
1060 531 1414 605 volucrisque
1443 531 1541 588 fati

629 609 906 670 Tardavit
932 609 1070 681 alaS,
1097 628 1272 684 quum
1299 610 1559 685 populus,
1569 609 1834 685 frequens

630 687 855 747 Laetum
882 688 1117 746 theatris
1144 699 1228 745 ter
1257 689 1481 764 crepuit
1507 707 1713 745 sonum
1737 708 1750 745 :

631 769 635 773 ’
709 765 811 823 Me
837 777 1075 824 truncus
1103 768 1336 842 illapsus
1362 767 1596 825 cerebro

789 846 1127 917 sustulerat,
1156 846 1267 903 nisi
1296 845 1532 903 Faunus
1559 846 1739 906 ictum

627 923 847 982 Dextra
872 924 1135 997 levasset,
1163 924 1596 981 Mercurialium
1711 907 1730 931 ⁶

628 1003 838 1060 Custos
866 1004 1132 1061 virorum.
1216 1003 1491 1060 Reddere
1520 1002 1778 1062 victimas

708 1081 1031 1157 AEdemque
1059 1083 1302 1140 votivam
1331 1091 1620 1139 memento
1645 1101 1658 1138 ε

784 1159 913 1227 Nos
937 1162 1213 1228 humilem
1242 1162 1511 1220 feriemus
1538 1178 1768 1237 agnam.

1129 1510 1300 1569 ODE
1340 1511 1476 1569 XV.

944 1630 1004 1687 N
1010 1650 1090 1688 ou
1117 1631 1278 1703 ebur,
1306 1650 1493 1706 neque
1522 1651 1759 1691 aureum

629 1710 769 1771 Mea
795 1710 1019 1769 renidet
1045 1711 1105 1767 in
1134 1711 1302 1767 domo
1330 1710 1598 1768 lacunar:

947 1788 1006 1846 N
1009 1810 1086 1847 on
1113 1790 1301 1846 trabes
1325 1789 1634 1863 Hymettiae

628 1870 906 1929 Premunt
932 1869 1229 1927 columnas
1257 1868 1458 1925 ultima
1487 1870 1699 1928 recisas

944 1947 1175 2014 Africa:
1217 1966 1407 2022 neque
1437 1948 1619 2006 Attali

626 2027 867 2106 Ignotus
895 2028 1075 2084 haeres
1102 2028 1317 2102 regiam
1345 2028 1650 2102 occupavi:

943 2105 1074 2164 Nec
1102 2105 1422 2164 Laconicas
1450 2106 1590 2163 mihi

625 2185 895 2244 Trahunt
921 2187 1173 2249 honestae
1200 2203 1478 2258 purpuras
1506 2185 1746 2253 clientae.

941 2263 1024 2321 At
1050 2262 1193 2321 fides
1221 2273 1279 2318 et
1305 2260 1503 2337 ingeni

624 2340 886 2417 Benigna
911 2359 1057 2396 vena
1082 2349 1168 2396 est
1180 2359 1196 2409 3
1239 2356 1657 2415 pauperemque
1684 2341 1842 2409 dives

942 2417 1043 2475 Me
1069 2418 1238 2494 petit:
1282 2418 1424 2476 nihil
1448 2419 1621 2495 supra

600 2497 783 2557 ,Deos
808 2498 1056 2568 lacesso3
1099 2503 1210 2555 nec
1237 2508 1528 2572 potentem
1556 2499 1806 2559 amicum

941 2577 1214 2653 Largiora
1240 2576 1453 2651 flagit0,

626 2653 781 2715 Satis
804 2657 1004 2720 bestiis
1031 2657 1219 2715 unicis
1250 2656 1498 2715 Sabinis.

942 2734 1222 2795 Truditur
1247 2736 1369 2793 dies
1410 2736 1523 2808 die,

622 2812 912 2890 Novaeque
938 2826 1184 2890 pergunt
1210 2815 1443 2879 interire
1471 2814 1650 2877 lunae:
1707 2830 1712 2835 ‘

578 2892 583 2901 '
940 2893 1037 2950 Tu
1067 2893 1317 2949 secanda
1343 2910 1626 2950 marmora

624 2970 812 3029 Locas
837 2971 944 3031 sub
968 2971 1156 3044 ipsum
1184 2970 1356 3027 funus
1368 2990 1383 3039 3
1426 2981 1503 3043 et,
1532 2971 1778 3046 sepulcri

880 3078 887 3086 ·
940 3048 1267 3119 Immemor,
1296 3049 1466 3106 struis
1494 3050 1718 3121 domos;

624 3125 917 3203 Marisque
942 3127 1098 3187 Baiis
1123 3128 1500 3204 obstrepentis
1527 3148 1696 3205 urges

938 3206 1291 3265 ¹Submovere
1319 3206 1525 3280 littora,

622 3283 833 3343 Parum
858 3284 1112 3359 locuples
1138 3286 1468 3343 continente
1495 3285 1634 3361 ripa.

940 3363 1142 3426 Quid?
1183 3364 1335 3438 quod
1365 3383 1549 3439 usque
1567 3365 1851 3440 proximos

620 3441 876 3505 Revellis
901 3443 1023 3520 agri
1051 3444 1342 3524 termium,
1371 3455 1429 3502 et
1456 3444 1603 3502 ultra

937 3522 1177 3581 Limites
1204 3523 1499 3583 clientium

623 3598 772 3656 Salis
798 3617 996 3656 avarus
1008 3621 1024 3669 ;
1065 3603 1288 3675 pellitur
1315 3613 1580 3676 paternos

937 3675 1011 3737 In
1039 3680 1167 3737 sinu
1197 3680 1384 3739 ferens
1410 3681 1547 3736 deos

623 3753 702 3813 Et
725 3774 886 3828 uxor,
913 3765 972 3814 et
998 3755 1100 3825 vir,
1126 3758 1492 3830 sordidosque
1519 3757 1709 3816 natos!

938 3832 999 3891 N
1004 3833 1116 3899 ulla
1143 3835 1348 3891 certior
1375 3845 1588 3907 tamen,

2221 2349 2295 2408 1⁰

2215 2741 2291 2800 15
