2621 4297
1070 288 1348 339 EronoN
1382 288 1451 338 LI
1457 288 1607 338 BER.

655 431 890 491 Unxere
918 443 1128 490 matres
1155 432 1279 490 Iliae
1307 432 1603 490 addictum
1631 432 1766 491 feris

654 511 906 570 Alitibus
933 524 1100 587 atque
1127 512 1369 570 canibus
1398 513 1742 570 homicidam
1772 511 2106 584 Hectorem,

660 591 964 667 Postquam
991 591 1207 649 relictis
1237 592 1523 648 moenibus
1552 612 1652 649 rex
1692 592 1959 668 procidit,

654 670 820 727 Heu!
866 671 1180 746 pervicacis
1208 672 1278 727 ad
1307 671 1484 746 pedes
1514 672 1786 728 Achillei.

656 750 858 807 Setosa
884 750 1044 807 duris
1071 748 1283 807 exuere
1315 751 1558 824 pellibus

654 828 948 887 Laboriosi
976 830 1222 905 remiges
1249 829 1498 902 Ulyssei',

652 908 895 966 Volente
924 908 1114 979 Circe,
1145 910 1429 978 membr-³13
1472 919 1612 966 tunc
1640 928 1822 981 mens,
1850 920 1910 968 et
1936 926 2111 968 sonus

653 987 960 1064 RelapsuS‚
984 999 1150 1063 atque
1180 1000 1349 1046 notus
1379 989 1436 1045 in
1466 988 1651 1045 vultus
1680 990 1873 1047 honor.

657 1066 808 1125 Dedi
831 1064 970 1125 satis
998 1064 1283 1143 superque
1315 1086 1612 1144 poenarum
1642 1069 1765 1139 tibi,

655 1148 866 1205 Amata
892 1147 1081 1203 nautis
1109 1146 1357 1203 multum
1385 1158 1444 1203 et
1472 1147 1839 1203 institoribus.

657 1225 832 1303 Fugit
855 1227 1138 1301 juventaS,
1167 1237 1226 1281 et
1253 1225 1614 1290 verecundus
1642 1225 1795 1281 color

654 1305 916 1381 Reliquit
942 1324 1070 1362 ossa
1097 1304 1245 1379 pelle
1274 1305 1485 1361 amicta
1511 1303 1699 1360 lurida
1722 1323 1738 1374 3

654 1387 804 1444 Tuis
831 1384 1068 1460 capillus
1096 1383 1258 1440 albus
1285 1396 1373 1440 est
1399 1382 1684 1440 odoribus

655 1465 895 1523 Nullum
922 1483 956 1520 a
982 1464 1173 1520 labore
1203 1482 1297 1519 me
1325 1463 1565 1521 reclinat
1590 1463 1803 1522 otium:

654 1544 835 1621 Urget
861 1544 1013 1600 diem
1043 1562 1174 1613 nox,
1203 1553 1261 1600 et
1288 1543 1412 1600 dies
1440 1555 1697 1612 noctem;
1741 1559 1926 1617 neque
1954 1551 2042 1599 est

656 1624 871 1682 Levare
899 1633 1056 1680 tenta
1083 1622 1281 1698 spiritu
1308 1623 1637 1698 praecordia.

659 1703 814 1779 Ergo
843 1714 1112 1778 negatum
1140 1703 1337 1759 vincor
1366 1714 1428 1760 ut
1454 1702 1687 1759 credam
1716 1701 1906 1771 miser,

659 1783 886 1840 Sabella
911 1791 1111 1858 pectus
1139 1781 1436 1857 increpare
1464 1782 1739 1852 carmina,

657 1862 954 1937 Caputque
985 1860 1179 1916 Marsa
1208 1861 1453 1918 dissilire
1480 1859 1688 1917 naenia.

654 1942 820 2003 Quid
849 1938 1090 2015 amplius
1117 1940 1240 1994 vis?
1297 1939 1355 1995 Ο
1385 1958 1538 1996 mare
1560 1951 1618 1996 et
1638 1939 1814 1994 terra!
1859 1936 2052 2008 ardeo,

656 2016 964 2081 Quantum
995 2035 1180 2091 neque
1209 2028 1331 2074 atro
1358 2018 1644 2073 delibutus
1672 2015 1959 2074 Hercules

658 2098 833 2156 Nessi
857 2114 1076 2169 cruore,
1106 2114 1217 2153 nec
1245 2095 1460 2153 Sicana
1489 2095 1703 2152 fervida

656 2178 846 2236 Urens
875 2177 934 2234 in
963 2176 1142 2233 AEtnfi
1172 2174 1417 2233 flamma.
1482 2174 1601 2248 Tu,
1631 2175 1817 2232 donec
1844 2173 1994 2233 ciuis

658 2257 956 2333 Injuriosis
984 2256 1175 2313 aridus
1204 2256 1387 2313 ventis
1417 2255 1582 2327 setar,

658 2336 830 2395 Cales
857 2336 1092 2393 venenis
1117 2335 1350 2392 officina
1375 2334 1684 2393 Colchicis,

628 2476 642 2493 -.
658 2416 813 2478 Quae
841 2414 1011 2472 finis'l
1054 2424 1152 2471 aut
1177 2415 1330 2488 quod
1358 2432 1449 2469 me
1480 2425 1673 2470 manet
1700 2411 2050 2490 stipendium
2068 2410 2096 2467 ‘l

662 2494 886 2552 Effare:
924 2494 1112 2570 jussas
1139 2512 1273 2549 cum
1301 2492 1415 2548 fide
1444 2511 1641 2566 poenas
1668 2492 1842 2562 luam,

659 2574 897 2632 Paratus
923 2573 1172 2649 expiare,
1202 2590 1303 2628 seu
1326 2570 1652 2646 poposceris

660 2653 909 2710 Centum
932 2652 1228 2728 juvencos»,
1257 2651 1374 2706 sive
1403 2649 1668 2705 mendaci
1691 2648 1814 2724 lyra

660 2732 834 2791 Voles
861 2731 1083 2800 sonari3
1126 2740 1189 2787 tu
1216 2729 1447 2805 pudica,
1474 2740 1537 2785 tu
1563 2728 1759 2803 proba,

659 2809 1088 2869 Perambulabis
1115 2819 1264 2865 astra
1292 2808 1453 2865 sidus
1480 2826 1734 2864 aureum.

661 2889 900 2948 Infamis
929 2888 1172 2946 Helenae
1200 2886 1407 2945 Castor
1434 2886 1686 2943 offensus
1707 2887 1851 2958 vice,

662 2969 978 3044 Fraterque
1005 2969 1200 3043 magni
1229 2967 1502 3038 Castoris,
1531 2966 1665 3024 victi
1691 2985 1882 3043 prece,

663 3049 952 3123 Adempta
978 3049 1091 3104 vati
1119 3045 1421 3104 reddidere
1450 3047 1683 3103 lumina.

661 3125 739 3184 Et
764 3139 848 3197 tu,
876 3138 1037 3203 potes
1059 3146 1212 3198 nam,
1242 3127 1395 3184 solve
1425 3145 1516 3182 me
1545 3126 1855 3199 dementia,

664 3206 721 3262 Ο
750 3226 861 3264 nec
881 3205 1132 3281 paternis
1159 3205 1413 3262 obsoleta
1440 3206 1718 3278 sordibuS,

662 3285 792 3344 Nec
821 3286 881 3344 in
912 3284 1186 3361 sepulcris
1214 3305 1524 3361 pauperum
1554 3287 1806 3361 prudens
1833 3303 1977 3343 anus

664 3365 1049 3423 Novendiales
1078 3364 1354 3442 dissipare
1381 3367 1659 3440 pulveres,

662 3443 799 3503 Tibi
828 3446 1102 3521 hospitale
1129 3457 1332 3521 pectus
1358 3455 1417 3500 et
1442 3462 1599 3518 purae
1625 3458 1850 3496 manus

1220 3591 1466 3626 camma.

656 3685 823 3747 Quid
849 3683 1123 3740 obseratis
1151 3682 1382 3738 auribus
1409 3677 1601 3735 fundis
1626 3677 1866 3752 preces‘l

663 3763 802 3820 Non
830 3782 966 3819 saxa
992 3762 1163 3819 nudis
1191 3759 1449 3815 surdiora
1478 3757 1682 3813 navitis

663 3835 973 3919 Neptunus
1000 3840 1115 3897 alto
1139 3837 1333 3895 tundit
1359 3836 1634 3904 hibernus
1661 3833 1797 3891 salo.

2259 749 2332 807 15
