2621 4297
904 306 1301 358 eARfflNUM
1336 308 1468 357 Lm.
1506 286 1605 359 1'11.

574 449 859 508 Risissent
883 470 895 507 :
939 450 1058 508 fore
1085 451 1239 508 enim
1267 460 1455 508 tutum
1482 451 1588 510 iter
1615 462 1673 510 et
1697 464 1901 530 patens

883 528 1175 586 Converso
1202 528 1262 585 in
1288 530 1538 604 pretium
1566 532 1690 589 deo.

574 607 797 664 Aurum
821 626 923 683 per
950 609 1168 665 medios
1199 608 1280 665 ire
1308 608 1600 682 satellites,

575 686 648 743 Et
672 705 1035 762 perrumpere
1064 696 1215 743 amat
1242 706 1397 759 saxa,
1425 688 1712 764 potentius

576 764 700 822 Ictu
729 764 1019 822 fulmineo.
1101 765 1372 823 Concidit
1400 768 1633 842 auguris

888 845 1088 919 Argivi
1117 844 1336 915 domuS,
1364 845 1439 902 ob
1464 844 1690 904 lucrum

575 921 849 980 Demersa
875 923 1115 980 excidia
1201 922 1423 982 Diffidit
1449 925 1677 982 urbium

575 1000 768 1058 Portas
794 1001 879 1058 vir
906 999 1170 1074 Macedo,
1198 1012 1257 1058 et
1282 1004 1507 1060 subruit
1534 1004 1768 1062 aemulos

576 1079 766 1156 Reges
793 1081 1141 1138 muneribus,
1226 1078 1473 1138 Munera
1500 1083 1732 1139 navium

889 1161 1081 1215 Saevos
1108 1159 1416 1232 illaqueant
1442 1161 1638 1216 duceS.

576 1237 946 1295 Crescentem
975 1237 1229 1312 sequitur
1255 1254 1395 1294 cura
1420 1238 1746 1314 pecuniam,

576 1315 968 1392 Majorumque
997 1316 1190 1372 fames.
1274 1314 1310 1371 J
1317 1335 1416 1373 ure
1444 1318 1737 1392 perhorrui

572 1394 712 1453 Late
742 1395 1114 1470 conspicuum
1141 1394 1337 1452 tollere
1365 1396 1654 1468 verticem,

884 1472 1194 1546 Maecen‘as,
1222 1474 1476 1548 equitum
1506 1475 1699 1533 decus.

571 1549 809 1614 Quanto
837 1553 1070 1627 quisque
1099 1553 1205 1609 sibi
1233 1554 1396 1628 plura
1422 1555 1734 1629 negaverit,

573 1631 628 1688 A
657 1631 747 1688 dis
771 1631 931 1707 plura
960 1631 1116 1688 feret.
1200 1630 1302 1687 Nil
1334 1633 1688 1707 cupientium

573 1709 782 1767 Nudus
808 1721 996 1767 castra
1019 1721 1170 1785 peto,
1200 1720 1258 1767 et
1284 1711 1578 1787 transfuga
1605 1712 1843 1770 divitum

884 1789 1082 1846 Partes
1107 1789 1364 1864 linquere
1392 1790 1605 1864 gesti03

573 1867 922 1943 Contemptae
951 1868 1215 1925 dominus
1242 1868 1588 1944 splendidior
1615 1868 1716 1941 rei,

570 1945 765 2007 Quam
795 1947 843 2002 si
869 1946 1142 2020 quidquid
1166 1957 1291 2003 arat
1318 1947 1556 2021 impiger
1585 1947 1848 2023 Appulus

572 2023 886 2082 Occultare
915 2024 1059 2080 meis
1085 2024 1307 2079 dicerer
1335 2025 1572 2095 horreis,

888 2099 1135 2178 Magnas
1161 2102 1309 2159 inter
1335 2120 1473 2179 opes
1500 2102 1677 2180 inops.

569 2184 732 2241 Purae
761 2183 916 2240 rivus
945 2200 1123 2256 aquae,
1152 2182 1401 2256 silvaque
1423 2181 1690 2258 jugerum

571 2262 910 2333 Paucorum,
939 2272 997 2319 et
1025 2260 1234 2337 segetis
1261 2271 1420 2317 certa
1446 2260 1588 2318 fides
1616 2279 1781 2337 meae,

570 2340 908 2418 Fulgentem
937 2341 1172 2416 imperio
1200 2339 1398 2397 fertilis
1425 2340 1637 2398 Africae

883 2418 1056 2475 Fallit
1083 2428 1233 2474 sorte
1260 2418 1493 2475 beatior.

568 2498 914 2573 Quanquam
940 2516 1054 2555 nec
1081 2496 1343 2554 Calabrae
1369 2496 1541 2552 mella
1567 2496 1755 2554 ferunt
1780 2511 1933 2574 apes,

572 2577 701 2634 Nec
726 2576 1117 2652 Laestrygoniii
1144 2575 1412 2631 Bacchus
1439 2574 1499 2630 in
1527 2575 1798 2649 amphord

572 2656 916 2733 Languescit
943 2657 1104 2725 mihi,
1134 2672 1244 2711 nec
1270 2654 1508 2729 pinguia
1531 2653 1772 2712 Gallicis

883 2734 1171 2791 Crescunt
1195 2732 1405 2788 vellera
1430 2732 1659 2807 pascuis
1672 2753 1687 2802 3

571 2813 901 2889 Importuna
920 2825 1113 2870 tamen
1141 2812 1440 2886 pauperies
1468 2812 1659 2881 abest3

572 2892 720 2965 Nec,
749 2893 796 2949 si
822 2893 987 2968 plura
1012 2892 1200 2962 velim,
1230 2900 1292 2947 tu
1321 2891 1457 2947 dare
1484 2892 1752 2968 deneges·

571 2971 881 3034 Contracto,
905 2967 1108 3028 melius
1134 2987 1306 3046 parva
1326 2971 1596 3045 cupidine

882 3050 1203 3125 Vectigalia
1226 3050 1531 3125 porrigam,

569 3127 766 3192 Quam
796 3129 844 3186 si
874 3127 1203 3203 Mygdoniis
1222 3146 1471 3203 regnum
1501 3128 1754 3204 Alyattei

572 3206 803 3284 Campis
828 3207 1176 3264 continuem.
1260 3205 1446 3264 Multa
1470 3207 1797 3283 petentibus

573 3283 793 3346 Desunt
818 3285 1010 3344 multa.
1080 3285 1253 3344 Bene
1278 3297 1367 3344 est
1393 3287 1490 3343 cui
1518 3282 1902 3343 Deuoobfflit

590 3365 603 3378 ”
884 3364 1068 3424 Parca
1092 3366 1245 3443 quod
1273 3362 1418 3423 satis
1443 3373 1534 3421 est
1559 3377 1754 3419 manu.

2156 1083 2234 1143 15
