2621 4297
1003 360 1283 412 EPODON
1318 362 1543 414 LIBER.
1636 372 1651 379 ‘

593 500 764 568 Quid
791 502 993 563 attinet
1017 514 1102 562 tot
1127 525 1227 563 ora
1252 507 1484 568 navium
1511 507 1668 584 gravi

915 581 1187 641 Rostrata
1214 585 1350 641 duci
1380 587 1630 662 pondere

599 659 817 721 Contra
841 661 1090 720 latrones
1117 675 1285 737 atque
1315 664 1571 722 servilem
1604 680 1858 740 manmit,

915 740 1068 814 Hoc,
1097 744 1206 800 hoo
1232 743 1463 801 tribuno
1488 743 1774 802 militum?

1130 1053 1301 1113 ODE
1339 1055 1413 1114 V.

874 1190 945 1231 ΙΝ
973 1189 1278 1230 namnum
1303 1191 1674 1233 vulturnum.

597 1295 638 1324 “
654 1291 774 1364 Ar,
798 1309 836 1349 o
862 1290 1099 1349 deorum
1129 1290 1404 1365 quidquid
1435 1291 1494 1349 in
1522 1291 1668 1350 ooelo
1693 1293 1841 1369 regit

779 1386 786 1393 “
912 1369 1129 1429 Terras
1156 1383 1213 1426 et
1237 1371 1558 1427 humanum
1585 1372 1801 1448 genus!

593 1448 760 1512 Quid
787 1448 893 1507 iste
920 1447 1028 1505 fert
1055 1447 1378 1505 tumultus?
1418 1460 1475 1505 et
1500 1450 1636 1524 quid
1663 1450 1923 1511 omnium

915 1526 1122 1584 Vultus
1148 1528 1210 1584 in
1241 1546 1419 1583 unum
1449 1546 1540 1584 me
1567 1531 1800 1588 truces?

595 1604 708 1665 Per
733 1604 939 1663 liberos
966 1616 1043 1677 te,
1071 1605 1119 1662 si
1149 1617 1348 1663 vocata
1373 1607 1647 1682 partubus

916 1684 1139 1741 Lucina
1166 1686 1314 1741 veris
1341 1685 1539 1757 adfuit,

596 1764 708 1822 Per
735 1764 845 1822 hoo
870 1762 1042 1820 inane
1070 1783 1336 1839 purpurae
1364 1764 1563 1835 decus,
1590 1780 1811 1840 precor,

912 1841 1023 1901 Per
1052 1842 1497 1918 improbaturum
1527 1843 1651 1900 haeo
1679 1843 1902 1918 Jovem,

594 1918 759 1985 Quid
786 1930 851 1978 ut
877 1939 1122 1978 noverca
1149 1940 1240 1977 me
1270 1922 1526 1993 intueris,
1556 1932 1654 1979 aut
1681 1920 1765 1979 uti

913 1998 1102 2056 Petita
1128 1999 1276 2055 ferro
1303 1999 1493 2056 bellua
1506 2000 1567 2056 ‘1⁹’

596 2079 675 2139 Ut
699 2080 828 2137 haec
856 2077 1122 2134 trementi
1151 2088 1386 2152 questus
1411 2096 1530 2150 ore,
1559 2076 1812 2136 constitit

613 2196 620 2204 ·
916 2153 1247 2233 Insignibus
1275 2156 1449 2231 raptis
1475 2173 1636 2232 puer,

535 2289 544 2294 -
593 2236 838 2315 Impnbe
864 2238 1089 2311 eorpus,
1117 2234 1283 2310 quale
1310 2247 1500 2310 posset
1527 2234 1703 2310 impia

912 2311 1138 2371 Mollire
1168 2312 1465 2370 Thracum
1493 2325 1758 2391 pectora;

595 2393 863 2469 Canidia,
889 2392 1156 2450 brevibus
1184 2392 1472 2466 implicata
1491 2393 1698 2469 viperis

911 2471 1120 2530 Crines
1146 2480 1205 2527 et
1233 2471 1599 2546 incomptum,
1615 2482 1806 2548 caput,

598 2552 778 2612 Jubet
802 2550 1082 2628 sepulcris
1110 2548 1409 2624 caprificos
1436 2559 1646 2620 erutas,

912 2627 1088 2685 subet
1115 2646 1419 2704 cupressos
1445 2627 1733 2699 funebres,

597 2709 674 2769 Et
700 2720 875 2767 uncta
899 2708 1079 2783 turpis
1106 2725 1213 2764 ova
1241 2726 1395 2763 ranae
1425 2705 1724 2781 sanguine,

910 2784 1284 2860 Plumamque
1314 2797 1608 2842 nootumae
1636 2784 1845 2862 strigiS,

597 2865 934 2941 Herbasque
961 2884 1101 2939 quas
1131 2863 1317 2921 Iolcos
1346 2876 1514 2938 atque
1544 2862 1734 2920 Iberia

915 2941 1091 3001 Mittit
1118 2962 1467 3001 venenorum
1497 2942 1672 3016 ferax,

597 3023 675 3082 Et
697 3039 830 3082 ossa
857 3021 930 3079 ab
955 3040 1052 3079 ore
1080 3034 1239 3098 rapta
1260 3022 1473 3098 jejunae
1502 3022 1683 3095 oanis,

910 3099 1184 3172 Flammis
1212 3102 1374 3158 aduri
1402 3101 1709 3160 Colchicis·

595 3182 679 3241 At
703 3179 968 3258 expedita
997 3180 1244 3255 Sagana,
1272 3199 1373 3255 per
1400 3191 1577 3237 totam
1606 3181 1843 3239 domum

702 3317 716 3325 ⁶
915 3258 958 3315 S
999 3277 1205 3335 argens
1232 3259 1550 3316 Avernales
1578 3278 1773 3335 aquas,

596 3337 811 3399 Horret
837 3278 1057 3413 oapiiiis
1085 3349 1148 3395 ut
1176 3338 1430 3396 marinus
1459 3339 1672 3412 asperis

913 3415 1195 3488 EchinuS,
1224 3429 1323 3473 aut
1350 3434 1587 3473 currens
1615 3431 1766 3490 aper.

595 3497 828 3556 Abaota
850 3495 1011 3552 nullst
1038 3494 1188 3550 Veia
1214 3492 1577 3550 conscientia

911 3571 1231 3649 Ligonibus
1258 3570 1417 3626 duris
1447 3569 1683 3625 humum

598 3649 1008 3725 Exhauriebat,
1037 3651 1339 3727 ingemens
1366 3646 1685 3718 laboribus3

911 3727 1055 3794 Quo
1086 3739 1277 3806 posset
1304 3726 1552 3785 infossus
1577 3745 1720 3804 puer

594 3810 801 3889 Longo
827 3807 921 3868 die
948 3809 1038 3867 bis
1064 3819 1263 3883 terque
1290 3816 1523 3864 mutata!
1547 3806 1709 3884 dapis

911 3887 1164 3947 Inemori
1189 3881 1519 3964 spectaculo
1533 3904 1550 3955 3

2191 1999 2268 2060 10

2191 2394 2266 2455 15
