2621 4297
848 320 1264 372 saumana
1297 322 1430 372 ms.
1464 322 1507 372 1.
1543 324 1619 373 ιο.
2102 330 2211 391 111

288 461 456 522 Tam
483 464 718 538 nigrum
746 482 978 522 surrexe
1004 466 1180 522 mihi!
1222 466 1366 540 fugit
1392 464 1699 541 improbus,
1727 484 1797 525 ac
1823 486 1918 528 me
2040 432 2073 465 γ

292 543 429 600 Sub
453 544 639 601 cultro
665 543 926 617 linquit.”
991 544 1149 600 Casu
1176 545 1332 601 venit
1357 545 1554 601 obvius
1583 546 1661 603 illi

294 621 723 680 Adversarius:
766 626 843 695 et,
887 626 924 652 “
946 620 1088 684 Quo
1116 634 1197 695 tu,
1228 624 1555 699 turpissime
1576 626 1637 681 'l''
1681 625 1892 700 magna
2135 628 2215 686 75

293 700 605 759 Exclamat
631 719 771 757 voce
795 721 810 769 ;
852 712 930 773 et,
970 706 1009 732 “
1039 701 1203 760 Licet
1230 703 1498 759 antestari
1516 704 1577 759 'l''
1623 703 1748 779 Ego
1774 702 1908 762 vero

294 779 553 856 Oppono
581 780 898 837 auriculam
915 800 933 837 ι
975 782 1119 855 rapit
1147 782 1205 837 in
1228 781 1355 856 jus:
1397 781 1609 838 clamor
1640 783 1900 860 utrinque
1916 827 1932 854 ‚

296 858 574 936 Undique
600 878 933 928 concursus.
1002 861 1102 916 Sic
1132 879 1225 916 me
1253 861 1493 916 servavit
1519 861 1743 936 Apelle.

1007 1217 1327 1276 SATIRA
1368 1216 1446 1274 X.

304 1333 368 1393 N
370 1352 533 1392 num
564 1334 938 1409 incomposito
964 1336 1082 1392 dixi
1110 1339 1256 1412 pede
1285 1357 1515 1397 currere
1544 1359 1737 1398 versus

304 1411 515 1471 Lucili.
584 1413 739 1474 Quis
766 1425 880 1470 tam
910 1413 1099 1471 Lucili
1128 1416 1309 1474 fautor
1339 1419 1432 1475 ine
1474 1417 1531 1476 te
1560 1430 1665 1492 est,

287 1493 384 1571 ,Ut
410 1511 527 1550 non
549 1492 659 1549 hoc
688 1492 967 1550 fateatur‘l
1036 1495 1116 1552 At
1145 1497 1317 1569 idem,
1347 1500 1500 1573 quod
1530 1500 1649 1556 sale
1677 1498 1856 1557 multo

302 1572 521 1630 Urbem
550 1571 834 1643 defricuit,
863 1573 1061 1629 charta
1087 1575 1351 1633 laudatur
1376 1578 1597 1635 eadem.

303 1649 438 1709 Nec
458 1661 653 1708 tamen
682 1652 791 1707 hoc
813 1651 1065 1709 tribuens
1086 1655 1341 1712 dederim
1368 1675 1590 1732 quoque
1617 1667 1857 1714 caetera:
1898 1675 2032 1716 nam
2058 1658 2146 1718 sic
2167 1659 2209 1715 ὁ

225 1732 248 1743 '
302 1729 381 1788 Et
409 1728 619 1787 Laberi*
650 1730 872 1801 mimOS,
902 1742 963 1788 ut
984 1732 1223 1806 pulchra
1243 1740 1527 1810 poemata,
1559 1737 1743 1793 mirer.
2088 1732 2101 1745 ⁰

303 1808 461 1886 Ergo
489 1827 606 1866 non
635 1806 773 1866 satis
800 1820 887 1866 est
914 1809 1028 1867 risu
1060 1812 1333 1870 diducere
1361 1815 1567 1872 rictum

304 1889 637 1947 Auditoris:
679 1899 738 1945 et
764 1898 851 1944 est
876 1890 1134 1964 quaedam
1161 1898 1361 1949 tamen*
1385 1893 1481 1950 hic
1507 1912 1730 1969 quoque
1756 1894 1948 1952 virtus.
2004 1918 2009 1923 ·

304 1968 411 2025 Est
440 1968 709 2024 brevitate
735 1986 898 2043 opuS,
928 1980 991 2025 ut
1019 1973 1538 2045 currat'sententia,
1567 1991 1681 2029 neu
1709 1991 1772 2029 se

302 2046 589 2123 Impediat
616 2046 799 2103 verbis
827 2047 1006 2103 lassas
1032 2049 1404 2106 onerantibus
1431 2069 1613 2106 aures.
2122 2049 2210 2108 ²10

304 2124 381 2184 Et
406 2144 667 2184 sermone
693 2144 836 2202 opus
863 2139 950 2183 est
976 2124 1147 2183 modo
1174 2128 1341 2200 tristi,
1370 2126 1521 2205 saepe
1546 2128 1760 2203 jocoso,

305 2205 670 2264 Defendente
697 2206 880 2263 vicem
909 2204 1080 2264 modo
1110 2208 1349 2265 rhetoris
1376 2220 1542 2284 atque
1569 2212 1773 2284 poetae,

303 2284 608 2342 Interdum
636 2284 857 2355 urbani,
883 2287 1169 2360 parcentis
1196 2288 1427 2359 viribuS,
1456 2299 1626 2363 atque

302 2363 684 2421 Extenuantis
710 2382 808 2420 eas
835 2362 1111 2423 consulto.
1182 2366 1520 2424 Ridiculum
1549 2367 1668 2424 acri

299 2440 538 2501 Fortius
564 2453 623 2499 et
649 2441 854 2499 melius
879 2462 1115 2519 magnas
1142 2441 1474 2520 plerumque
1502 2457 1657 2502 secat
1686 2465 1792 2503 res.
2133 2446 2207 2504 15

304 2519 421 2594 Illi,
450 2521 660 2596 scripta
690 2522 894 2596 quibus
920 2522 1202 2579 comoedia
1227 2524 1418 2598 prisca
1444 2524 1576 2580 viris
1602 2535 1708 2594 est,

303 2600 436 2660 Hoc
463 2601 708 2671 stabant,
739 2601 846 2658 hoc
867 2612 999 2658 sunt
1026 2602 1316 2672 imitandi;
1358 2621 1498 2677 quos
1524 2607 1709 2676 neque
1734 2601 1969 2677 pulcher

305 2679 704 2755 Hermogenes
731 2698 977 2754 unquam
1005 2680 1159 2756 legit,
1189 2700 1374 2755 neque
1401 2681 1600 2738 simius
1623 2681 1750 2752 iste,

304 2757 403 2815 Nil
430 2769 637 2835 praeter
664 2757 902 2815 Calvum
929 2769 986 2815 et
1013 2760 1214 2816 doctus
1242 2770 1474 2817 cantare
1501 2759 1891 2817 Catullum.—

306 2838 386 2895 At
414 2855 690 2912 magnum
718 2836 871 2908 fecit,
899 2835 1051 2913 quod
1083 2838 1266 2895 verbis
1293 2839 1499 2896 Graeca
1527 2838 1747 2896 Latinis
2124 2838 2207 2898 20

303 2915 701 2973 Miscuit—O
727 2916 836 2972 seri
859 2917 1203 2973 studiorum!
1246 2918 1423 2992 quine
1450 2918 1662 2993 putetis

303 2993 553 3052 Difficile
582 3005 639 3051 et
665 2995 892 3066 mirum,
922 2995 1153 3053 Rhodio
1179 2997 1329 3072 quod
1361 2997 1703 3055 Pitholeonti

303 3073 562 3148 Contigit
577 3073 761 3130 Q—At
788 3093 974 3130 sermo
999 3075 1197 3149 lingua
1224 3076 1546 3133 concinnus
1573 3078 1810 3152 utraque

304 3152 565 3223 Suavior,
596 3162 658 3208 ut
685 3152 834 3210 Chio
861 3166 995 3209 nota
1023 3154 1070 3210 si
1099 3155 1404 3212 commixta
1433 3155 1662 3213 Falerni
1690 3168 1792 3213 est.

300 3231 505 3292 Quum
535 3229 728 3290 ver‘sus
750 3231 944 3302 facias,
973 3244 1029 3289 te
1058 3232 1239 3308 ipsum
1268 3245 1589 3309 percontor,
1613 3254 1685 3292 an
1709 3251 1767 3293 et
1791 3252 1967 3310 quum
2123 3232 2205 3289 25

297 3308 463 3366 Dura
490 3309 593 3367 tibi
622 3311 946 3385 peragenda
972 3312 1052 3368 rei
1082 3311 1154 3369 sit
1180 3330 1357 3369 causa
1386 3312 1595 3384 Petilli,

303 3388 543 3446 Scilicet
570 3388 779 3446 oblitus
807 3390 1110 3466 patriaeque
1138 3392 1424 3466 patrisque
1453 3391 1666 3459 Latini,

298 3466 504 3528 Quum
534 3467 747 3524 Pedius
774 3485 975 3525 causas
1002 3470 1240 3525 exsudet
1268 3469 1576 3543 Poplicola,
1604 3478 1772 3540 atque

299 3545 603 3617 Corvinus,
633 3546 827 3620 patriis
855 3547 1242 3603 intermiscere
1282 3547 1459 3619 petita

299 3624 495 3682 Verba
523 3625 657 3682 foris
687 3625 870 3696 malis,
892 3624 1172 3682 Canusini
1203 3641 1359 3681 more
1387 3622 1695 3697 bilinguis?
2126 3621 2205 3681 80

299 3703 480 3779 Atqui
520 3723 631 3781 ego
678 3723 850 3779 quum
880 3704 1113 3760 Graecos
1136 3703 1402 3771 facerem,
1432 3715 1596 3760 natus
1623 3719 1780 3759 mare
1806 3699 1969 3772 citra,

300 3782 655 3854 VersiculoS‚
686 3783 863 3839 vetuit
892 3801 981 3838 me
1009 3783 1108 3840 tali
1137 3800 1275 3838 voce
1304 3781 1611 3853 Quirinus,

300 3859 437 3920 Post
457 3862 713 3920 mediam
739 3869 969 3918 noctem
995 3862 1168 3934 visus,
1190 3877 1367 3936 quum
1393 3861 1617 3919 somnia
1638 3876 1807 3918 vers:
