2621 4297
642 687 761 781 Q(
817 685 1386 762 HORATII
1474 678 1968 758 FLACCI

872 947 1739 1020 EPISTOLARUM

1034 1185 1245 1235 LIBER
1292 1183 1583 1234 PRIMUS.

1052 1635 1462 1696 EPISTOLA
1503 1635 1552 1694 Ι.

1034 1774 1116 1813 ΔΙ)
1144 1774 1372 1814 11AEan
1374 1775 1560 1813 A'rssu.

393 1876 598 1935 Pirum
624 1876 777 1936 dicte
804 1876 965 1948 mihi,
994 1875 1219 1932 summa
1245 1877 1491 1934 dicende
1519 1874 1820 1948 Camoenst,

394 1957 726 2033 Spectatum
754 1955 911 2028 satiei,
938 1967 997 2013 et
1022 1958 1294 2012 donatum
1320 1956 1437 2031 jam
1466 1956 1626 2024 rude,
1652 1954 1875 2029 quaeris,

394 2034 706 2106 Maecenas,
736 2037 939 2094 iterum
970 2036 1202 2109 antiquo
1231 2054 1322 2091 me
1353 2035 1643 2093 includere
1670 2034 1822 2090 ludo,

393 2114 532 2174 Non
559 2116 760 2174 eadem
783 2128 870 2174 est
898 2128 1052 2186 oetas,
1083 2133 1197 2172 non
1227 2134 1407 2172 mens,
1491 2113 1785 2188 VejaniuS,
1813 2112 1985 2183 armis

395 2193 666 2252 Herculis
692 2196 765 2252 ad
794 2206 1010 2270 postem
1041 2194 1184 2263 fixis,
1215 2194 1351 2250 latet
1378 2192 1604 2249 abditus
1631 2211 1768 2266 agro
2250 2193 2296 2253 6

392 2271 488 2328 Ne
514 2274 783 2348 populum
812 2273 1068 2328 extrema
1099 2272 1264 2327 toties
1291 2281 1484 2326 exoret
1511 2268 1701 2326 arenti..

394 2349 498 2408 Est
527 2351 663 2406 mihi
691 2361 986 2426 purgatam
1014 2348 1218 2406 crebro
1246 2350 1344 2443 qui
1373 2359 1638 2424 personet
1667 2366 1897 2407 aurem:

393 2432 429 2459 ‘⁶
450 2429 620 2486 Solve
646 2440 1040 2486 senescentem
1070 2440 1290 2486 mature
1321 2447 1494 2485 sanus
1519 2446 1750 2503 equum,
1781 2447 1855 2485 ne

393 2507 606 2566 Peccet
634 2508 706 2566 ad
734 2519 1053 2566 extremum
1082 2508 1375 2578 ridenduS,
1403 2518 1460 2565 et
1489 2506 1582 2563 ilia
1611 2508 1837 2564 ducat.''

390 2585 571 2645 Nunc
599 2587 787 2662 itaque
813 2599 872 2645 et
899 2606 1093 2643 versus
1121 2599 1179 2644 et
1205 2599 1412 2644 caetera
1438 2586 1659 2643 ludicra
1688 2604 1870 2662 pono:
2191 2585 2295 2660 ,lo

388 2667 555 2728 Quid
596 2686 788 2725 verum
835 2679 1003 2742 atque
1021 2709 1025 2713 .
1043 2667 1258 2724 decens
1297 2685 1439 2723 curo
1478 2676 1538 2722 et
1576 2684 1733 2742 roge,
1759 2676 1819 2722 et
1850 2664 2041 2724 omnis
2077 2662 2142 2724 in
2181 2664 2293 2725 hoo

549 2765 709 2802 sum:
1907 2776 1912 2779 -

387 2823 593 2880 Condo
619 2836 677 2881 et
703 2842 982 2898 compono
1002 2841 1126 2898 quae
1154 2842 1285 2881 mox
1314 2824 1642 2897 depromere
1670 2822 1895 2897 possim.

389 2901 503 2971 Ac,
531 2921 603 2959 ne
634 2900 775 2960 forte
805 2922 970 2977 roges
994 2921 1107 2975 quo
1133 2920 1224 2957 me
1251 2902 1420 2971 duce,
1446 2919 1559 2974 quo
1586 2901 1702 2957 lare
1729 2913 1914 2959 tuter:

387 2979 619 3036 Nullius
648 2981 910 3037 addictus
931 2980 1121 3054 jurare
1150 2979 1207 3034 in
1233 2979 1400 3035 verba
1429 2978 1702 3054 magistri,

383 3056 528 3118 Quo
558 3078 648 3115 me
674 3076 902 3131 cunque
931 3057 1074 3133 rapit
1100 3069 1425 3132 tempestae,
1453 3058 1674 3116 deseror
1702 3058 1923 3135 hospes.
2217 3058 2291 3119 15

387 3136 571 3193 Nunc
597 3137 761 3212 agilis
790 3137 882 3205 fic,
911 3148 968 3192 et
996 3155 1208 3193 mertor
1236 3132 1497 3193 civilibus
1526 3138 1716 3211 undis,

266 3288 275 3293 η
387 3215 630 3273 Virtutis
659 3233 802 3272 verae
829 3228 1041 3286 custos,
1070 3216 1398 3291 rigidusque
1426 3216 1681 3273 satelles:

388 3293 565 3353 Nunc
594 3296 653 3352 in
684 3294 957 3370 Aristippi
988 3294 1176 3351 furtim
1208 3308 1491 3370 praecepta
1519 3294 1760 3366 relabor,

386 3372 464 3431 Et
490 3374 629 3432 mihi
656 3393 767 3446 res,
795 3393 910 3430 non
939 3392 1029 3430 me
1057 3373 1226 3431 rebus
1253 3373 1585 3430 submittere
1613 3392 1802 3431 conor.

386 3451 466 3511 Ut
491 3473 604 3511 nox
630 3453 804 3529 longa
827 3454 1031 3529 quibus
1056 3453 1240 3510 somni
1267 3472 1399 3529 pars
1425 3450 1600 3523 nulla,
1627 3451 1863 3527 diesque
2208 3451 2289 3513 2⁰

386 3529 588 3607 Longa
616 3533 834 3589 videtur
859 3550 1003 3607 opus
1030 3532 1372 3590 debentibus
1395 3552 1408 3600 ;
1453 3542 1516 3588 ut
1541 3532 1700 3607 piger
1728 3549 1914 3589 annus

387 3608 624 3683 Pupillis
649 3628 791 3685 quos
817 3610 958 3666 dura
985 3612 1189 3683 premit
1215 3611 1477 3668 custodia
1502 3623 1779 3667 matrum:

390 3685 492 3739 Sic
520 3688 657 3742 mihi
686 3687 847 3743 tarda
873 3685 1056 3742 fluunt
1082 3688 1415 3761 ingrataque
1441 3701 1715 3762 tempora,
1741 3706 1868 3763 quoe
1894 3705 2053 3764 spem

389 3758 821 3835 Consiliumque
847 3773 1138 3818 morantur
1165 3766 1374 3838 agendi
1400 3765 1657 3838 gnaviter
1685 3765 1743 3822 id
1764 3765 1916 3841 quod

390 3833 582 3908 Eique
610 3839 954 3913 pauperibus
977 3839 1228 3912 prodest,
1254 3840 1631 3915 locupletibus
1656 3841 1842 3918 reque,
2205 3841 2287 3905 23
