2621 4297
997 312 1061 368 Q.
1097 308 1389 397 rroRA'rn
1424 271 1672 360 FLAc'cr
1741 346 1746 349 γ

1173 530 1343 588 ODE
1368 529 1513 588 XII.

1036 669 1115 706 An
1158 668 1365 707 AELIUM
1404 667 1661 706 LAMIAM.

670 767 829 841 AEm,
857 779 1078 826 vetusto
1107 769 1312 825 nobilis
1341 768 1413 823 ab
1441 767 1642 838 Lamo,

672 845 953 923 (Quando
980 859 1038 904 et
1064 848 1278 923 priores
1307 847 1443 904 hino
1472 845 1701 903 Lamias
1728 844 1917 902 ferunt

746 925 1181 998 DenominatOS‚
1210 938 1267 984 et
1295 935 1567 1001 nepotum

823 1004 932 1062 Per
960 1025 1243 1063 memores
1269 1024 1452 1081 genus
1478 1022 1649 1061 omne
1672 1003 1843 1060 fastos

668 1083 925 1141 Auctore
955 1085 1028 1141 ab
1056 1086 1151 1142 illo
1178 1085 1340 1141 ducit
1364 1083 1666 1157 originem,

665 1160 790 1223 Qui
819 1159 1176 1220 Formiarum
1203 1163 1416 1219 moenia
1442 1163 1647 1218 dieitur

746 1239 1043 1318 PrincepS,
1072 1255 1129 1299 et
1156 1242 1451 1299 innantem
1479 1240 1715 1297 Marioae

822 1320 1135 1378 Littoribus
1161 1321 1413 1377 tenuisse
1441 1319 1642 1389 Lirim,

668 1395 813 1455 Late
843 1398 1178 1475 tyrannus);
1223 1416 1352 1454 eras
1382 1397 1529 1453 foliis
1557 1414 1763 1453 nemus

668 1474 870 1532 Multis
896 1486 954 1533 et
981 1475 1111 1550 alga
1137 1475 1294 1532 littus
1323 1474 1508 1531 inutili

744 1553 1010 1610 Demissa
1036 1563 1340 1629 tempestas
1368 1553 1440 1608 ab
1467 1551 1624 1610 Euro

830 1633 1080 1703 Sternet,
1110 1651 1268 1708 aquae
1296 1631 1408 1689 nisi
1436 1631 1581 1688 fallit
1609 1650 1792 1706 augur

667 1711 911 1769 Annosa
936 1711 1152 1768 cornix.
1237 1710 1394 1766 Dum
1422 1721 1604 1786 poteS,
1633 1711 1857 1767 aridum

669 1790 966 1866 Compone
993 1791 1246 1864 lignum:
1291 1807 1420 1845 oras
1445 1788 1697 1846 Genium
1725 1807 1883 1847 mero

745 1869 1009 1941 Curabis,
1038 1880 1098 1926 et
1122 1886 1296 1944 porco
1326 1867 1599 1939 bimestri,

828 1946 981 2006 Cum
1011 1947 1236 2008 famulis
1261 1965 1499 2023 operum
1527 1947 1739 2005 solutis.

1153 2240 1324 2318 on'E
1349 2260 1526 2319 xm.

1140 2396 1221 2435 An
1265 2398 1534 2439 FAUNUM.

669 2498 908 2570 Fauna,
936 2496 1336 2573 Nympharum
1364 2498 1685 2576 fugientum
1710 2511 1948 2576 amator,

666 2578 777 2635 Per
804 2597 963 2635 meos
989 2577 1133 2635 fines
1159 2588 1217 2634 et
1244 2579 1438 2653 aprica
1464 2598 1597 2636 rura

665 2656 845 2716 Lenis
871 2657 1125 2728 incedas,
1155 2658 1436 2732 abeasque
1464 2658 1649 2734 parvis

1061 2735 1286 2811 AEquus
1314 2737 1591 2794 alumnis:

669 2814 734 2872 Si
760 2825 920 2871 tener
945 2814 1114 2889 pleno
1141 2816 1296 2872 eadit
1326 2816 1523 2872 haedus
1550 2834 1722 2889 ann0,

666 2893 854 2970 Larga
880 2912 992 2950 neo
1019 2895 1227 2953 desunt
1251 2894 1499 2951 Veneris
1525 2894 1705 2951 sodali

668 2972 823 3030 Vina
848 2982 1101 3042 oraterae,
1129 2983 1289 3029 vetus
1318 2992 1417 3030 ara
1443 2973 1622 3031 multo

1053 3050 1263 3109 Fumat
1287 3053 1477 3109 odore.

667 3127 843 3187 Ludit
871 3131 1110 3187 herboso
1139 3150 1316 3205 pecus
1341 3149 1512 3188 omne
1542 3147 1765 3207 oampn,

665 3206 868 3271 Quum
894 3210 1010 3267 tibi
1026 3208 1214 3266 Nonae
1241 3210 1485 3267 redeunt
1510 3208 1895 3266 Decembres·

669 3286 918 3346 Festus
902 3308 963 3346 m
990 3289 1166 3364 pratis
1193 3297 1357 3346 vacat
1380 3288 1562 3344 otioso

1062 3364 1213 3422 Cum
1240 3365 1384 3421 bove
1409 3382 1621 3441 pagus:

669 3442 829 3503 Inter
855 3445 1104 3503 audaces
1130 3445 1298 3520 lupus
1325 3454 1474 3502 errat
1502 3462 1712 3519 agnos:

671 3522 902 3599 Spargit
929 3536 1180 3601 agrestes
1206 3524 1309 3582 tibi
1338 3524 1477 3582 silva
1503 3523 1766 3582 stondes:

669 3599 940 3659 Gaudet
925 3604 1166 3661 invisam
1194 3603 1477 3679 pepulisse
1504 3602 1680 3660 fossor

1066 3678 1190 3737 Ter
1214 3682 1363 3753 pede
1382 3692 1611 3738 terram.

2258 1467 2334 1527 10

2258 1867 2331 1927 15

2259 3206 2333 3266 10

2261 3597 2337 3658 15
