2621 4297
983 279 1044 335 Q.
1078 270 1373 329 HORATH
1407 279 1657 330 FLAccl

824 417 902 477 Et
929 421 1266 494 Scythicum
1294 422 1598 481 inviolatus
1623 439 1871 483 amnem·

669 497 789 555 Vos
815 497 1102 555 Caesarem
1134 500 1331 571 altum,
1360 501 1561 557 militia
1588 501 1757 558 simul

666 574 874 633 Fessas
900 578 1160 648 cohostes
1189 579 1408 635 abdidit
1433 579 1678 655 oppidis,

742 654 940 712 Finire
967 669 1316 731 quaerentem
1342 657 1564 713 labores

822 734 1011 792 Pierio
1037 737 1306 793 recreatis
1335 747 1513 792 antro.

665 811 786 869 Vos
812 812 941 869 lene
970 815 1271 870 consilium
1301 825 1360 870 et
1387 815 1552 885 datis,
1582 824 1641 870 et
1668 814 1801 873 dato

663 890 959 963 GaudetiS‚
988 893 1166 948 almae.
1239 894 1470 949 Scimus
1496 904 1559 950 ut
1586 892 1788 969 impios

746 969 988 1028 Titanas
1015 972 1436 1046 immanemque
1464 983 1709 1028 turmam

823 1049 1090 1106 Fulmine
1119 1051 1408 1107 sustulerit
1435 1053 1675 1122 caduco,

662 1127 787 1189 Qui
817 1139 1024 1185 terram
1056 1130 1321 1201 inertem,
1349 1131 1444 1202 qui
1473 1149 1629 1187 mare
1659 1139 1934 1205 temperat

663 1206 1001 1280 Ventosum,
1030 1219 1087 1264 et
1115 1210 1303 1280 urbeS‚
1334 1228 1619 1284 regnaque
1648 1209 1850 1284 tristia,

744 1286 1051 1360 Divosque,
1082 1287 1456 1362 mortalesque
1485 1289 1697 1358 turbaS,

823 1365 1070 1440 Imperio
1099 1367 1243 1439 regit
1272 1385 1423 1422 unus
1451 1386 1628 1439 aequ0.

664 1442 945 1517 Magnum
975 1444 1069 1499 illa
1086 1454 1370 1500 terrorem
1398 1445 1665 1505 intulerat
1692 1443 1823 1503 Jovi

666 1520 883 1577 Fidens
904 1525 1171 1595 juventus
1201 1522 1428 1578 horrida
1459 1522 1726 1596 brachiis,

744 1598 1082 1674 Fratresque
1111 1601 1412 1679 tendentes
1439 1621 1619 1676 opaco

821 1679 1019 1736 Pelion
1043 1680 1377 1754 imposuisse
1405 1679 1673 1755 Olympo·

662 1757 777 1813 Sed
804 1759 940 1832 quid
969 1758 1286 1834 TyphoeuS‚
1316 1770 1375 1815 et
1402 1760 1620 1817 validus
1648 1758 1880 1834 Mimas,

661 1837 783 1893 Aut
809 1838 944 1910 quid
972 1838 1184 1895 minaci
1212 1838 1565 1914 Porphyrion
1595 1851 1765 1912 statu,

735 1914 901 1977 Quid
930 1916 1197 1988 Rhoetus,
1226 1918 1545 1993 evulsisque
1573 1919 1794 1977 truneis

815 1994 1144 2053 Enceladus
1166 1997 1445 2071 jaculator
1474 1998 1681 2070 audax,

659 2073 878 2132 Contra
906 2088 1205 2133 sonantem
1234 2076 1483 2133 Palladis
1512 2076 1695 2153 aegida

659 2154 903 2212 Possent
929 2158 1197 2212 ruentes?
1266 2156 1426 2210 Hinc
1454 2157 1652 2211 avidus
1679 2155 1834 2213 stetit

735 2233 1060 2301 Vulcanum
1105 2234 1241 2288 hino
1270 2244 1528 2289 matrona
1555 2231 1739 2305 Juno,
1762 2243 1823 2291 et

812 2309 1124 2385 Nunquam
1152 2301 1408 2367 humeris
1434 2311 1719 2386 positurus
1746 2330 1967 2387 amum,

653 2387 778 2449 Qui
805 2408 929 2445 rore
957 2408 1098 2464 puro
1124 2390 1392 2447 Castaliae
1419 2390 1553 2447 lavit

652 2466 861 2525 Crines
887 2468 1118 2540 solut05‚
1146 2470 1241 2543 qui
1270 2469 1466 2544 Lyciae
1495 2481 1655 2528 tenet

734 2545 983 2605 Dumeta
1010 2549 1370 2622 natalemque
1399 2549 1617 2622 silvam,

812 2626 1019 2683 Delius
1042 2638 1100 2683 et
1127 2627 1401 2685 Patareus
1430 2629 1652 2704 Apelle.

654 2705 760 2763 Vis
788 2705 991 2764 consili
1020 2725 1222 2782 expers
1248 2707 1398 2763 mole
1426 2708 1540 2764 ruit
1566 2706 1706 2764 sua:

652 2783 788 2841 Vim
814 2796 1186 2861 temperatam
1216 2784 1275 2842 di
1305 2805 1530 2860 quoque
1557 2786 1877 2862 provehunt

731 2861 803 2920 In
834 2864 1048 2938 majus:
1091 2865 1247 2921 idem
1274 2863 1452 2921 odere
1481 2866 1626 2922 vires

807 2940 1000 2997 Omne
1028 2942 1187 2999 nefas
1215 2942 1406 3000 animo
1433 2955 1747 3004 moventes·

652 3018 849 3078 Testis
875 3038 1131 3078 mearum
1160 3021 1522 3079 centimanus
1549 3024 1743 3100 Gyges

652 3100 1112 3169 Sententiarum3
1157 3113 1327 3157 notus
1350 3113 1408 3158 et
1436 3103 1671 3179 integrae

727 3175 1006 3235 Tentator
1033 3180 1215 3237 Orion
1245 3180 1469 3252 Dianas,

806 3256 1085 3333 Virginea
1114 3261 1366 3317 domitus
1393 3259 1618 3334 sagitta.

647 3334 867 3411 Injeeta
896 3339 1162 3396 monstris
1190 3350 1341 3396 terra
1367 3337 1520 3398 dolet
1545 3336 1685 3408 suis,

650 3413 969 3491 Moeretque
997 3430 1193 3493 partus
1220 3416 1456 3473 fulmine
1483 3415 1740 3473 luridum

728 3492 939 3553 Missos
966 3497 1037 3553 ad
1068 3497 1322 3554 Orcum:
1365 3514 1475 3553 neo
1503 3495 1728 3571 peredit

804 3572 1134 3648 Impositam
1162 3576 1314 3633 celer
1343 3575 1493 3651 ignis
1519 3574 1776 3636 AEtnen:

647 3646 1067 3708 Inoontinentis
1093 3672 1204 3709 neo
1233 3653 1396 3727 Tityi
1415 3655 1580 3728 jecur

646 3724 950 3802 Relinquit
973 3727 1110 3800 ales,
1138 3731 1408 3804 nequitiae
1436 3729 1664 3788 additus
