<?xml version="1.0" encoding="UTF-8"?>
<!DOCTYPE html PUBLIC "-//W3C//DTD XHTML 1.0 Transitional//EN"
    "http://www.w3.org/TR/xhtml1/DTD/xhtml1-transitional.dtd">
<html xmlns="http://www.w3.org/1999/xhtml" xml:lang="en" lang="en">
 <head>
  <title>
</title>
<meta http-equiv="Content-Type" content="text/html;charset=utf-8" />
  <meta name='ocr-system' content='tesseract 3.04.00' />
  <meta name='ocr-capabilities' content='ocr_page ocr_carea ocr_par ocr_line ocrx_word'/>
</head>
<body>
  <div class='ocr_page' id='page_1' title='image "./opera10horagoog_0092.png"; bbox 0 0 2621 4297; ppageno 0'>
   <div class='ocr_carea' id='block_1_1' title="bbox 973 309 1648 378">
    <p class='ocr_par' dir='ltr' id='par_1_1' title="bbox 973 309 1648 378">
     <span class='ocr_line' id='line_1_1' title="bbox 973 309 1648 378; baseline 0 -17"><span class='ocrx_word' id='word_1_1' title='bbox 973 310 1037 369; x_wconf 74' lang='lat' dir='ltr'><strong>o.</strong></span> <span class='ocrx_word' id='word_1_2' title='bbox 1072 310 1366 361; x_wconf 67' lang='lat' dir='ltr'><strong>nomm</strong></span> <span class='ocrx_word' id='word_1_3' title='bbox 1399 309 1648 378; x_wconf 64' lang='lat' dir='ltr'><strong>rucei</strong></span> 
     </span>
    </p>
   </div>
   <div class='ocr_carea' id='block_1_2' title="bbox 659 451 1888 764">
    <p class='ocr_par' dir='ltr' id='par_1_2' title="bbox 659 451 1888 605">
     <span class='ocr_line' id='line_1_2' title="bbox 659 451 1888 529; baseline -0.002 -15"><span class='ocrx_word' id='word_1_4' title='bbox 659 451 870 515; x_wconf 70' lang='lat' dir='ltr'><strong>Qualis</strong></span> <span class='ocrx_word' id='word_1_5' title='bbox 895 451 1205 528; x_wconf 78' lang='lat' dir='ltr'><strong>Lyeambae</strong></span> <span class='ocrx_word' id='word_1_6' title='bbox 1233 462 1456 529; x_wconf 82' lang='lat' dir='ltr'><strong>spretus</strong></span> <span class='ocrx_word' id='word_1_7' title='bbox 1482 452 1888 529; x_wconf 58' lang='lat' dir='ltr'><strong>infidogener,</strong></span> 
     </span>
     <span class='ocr_line' id='line_1_3' title="bbox 979 530 1724 605; baseline -0.003 -16"><span class='ocrx_word' id='word_1_8' title='bbox 979 532 1097 589; x_wconf 85' lang='lat' dir='ltr'><strong>Aut</strong></span> <span class='ocrx_word' id='word_1_9' title='bbox 1124 550 1257 589; x_wconf 82' lang='lat' dir='ltr'><strong>aeer</strong></span> <span class='ocrx_word' id='word_1_10' title='bbox 1285 532 1464 589; x_wconf 84' lang='lat' dir='ltr'><strong>hostis</strong></span> <span class='ocrx_word' id='word_1_11' title='bbox 1490 530 1724 605; x_wconf 82' lang='lat' dir='ltr'><strong>Bupalo.</strong></span> 
     </span>
    </p>

    <p class='ocr_par' dir='ltr' id='par_1_3' title="bbox 660 609 1784 764">
     <span class='ocr_line' id='line_1_4' title="bbox 660 609 1784 686; baseline -0.002 -17"><span class='ocrx_word' id='word_1_12' title='bbox 660 610 780 684; x_wconf 83' lang='lat' dir='ltr'><strong>An,</strong></span> <span class='ocrx_word' id='word_1_13' title='bbox 808 610 859 668; x_wconf 80' lang='lat' dir='ltr'><strong>si</strong></span> <span class='ocrx_word' id='word_1_14' title='bbox 883 610 1011 686; x_wconf 85' lang='lat' dir='ltr'><strong>quis</strong></span> <span class='ocrx_word' id='word_1_15' title='bbox 1037 620 1158 667; x_wconf 85' lang='lat' dir='ltr'><strong>atro</strong></span> <span class='ocrx_word' id='word_1_16' title='bbox 1185 610 1358 666; x_wconf 90' lang='lat' dir='ltr'><strong>dente</strong></span> <span class='ocrx_word' id='word_1_17' title='bbox 1387 628 1478 666; x_wconf 90' lang='lat' dir='ltr'><strong>me</strong></span> <span class='ocrx_word' id='word_1_18' title='bbox 1505 609 1784 684; x_wconf 86' lang='lat' dir='ltr'><strong>petiverit,</strong></span> 
     </span>
     <span class='ocr_line' id='line_1_5' title="bbox 975 687 1677 764; baseline -0.003 -18"><span class='ocrx_word' id='word_1_19' title='bbox 975 687 1202 748; x_wconf 77' lang='lat' dir='ltr'><strong>Inulms</strong></span> <span class='ocrx_word' id='word_1_20' title='bbox 1229 698 1292 745; x_wconf 91' lang='lat' dir='ltr'><strong>ut</strong></span> <span class='ocrx_word' id='word_1_21' title='bbox 1320 687 1468 764; x_wconf 70' lang='lat' dir='ltr'><strong>flebo</strong></span> <span class='ocrx_word' id='word_1_22' title='bbox 1494 689 1677 763; x_wconf 67' lang='lat' dir='ltr'><strong>puer&#39;i</strong></span> 
     </span>
    </p>
   </div>
   <div class='ocr_carea' id='block_1_3' title="bbox 1157 999 1505 1060">
    <p class='ocr_par' dir='ltr' id='par_1_4' title="bbox 1157 999 1505 1060">
     <span class='ocr_line' id='line_1_6' title="bbox 1157 999 1505 1060; baseline -0.003 0"><span class='ocrx_word' id='word_1_23' title='bbox 1157 999 1328 1060; x_wconf 91' lang='lat' dir='ltr'><strong>ODE</strong></span> <span class='ocrx_word' id='word_1_24' title='bbox 1368 1000 1505 1060; x_wconf 91' lang='lat' dir='ltr'><strong>VH.</strong></span> 
     </span>
    </p>
   </div>
   <div class='ocr_carea' id='block_1_4' title="bbox 945 1138 1756 1179">
    <p class='ocr_par' dir='ltr' id='par_1_5' title="bbox 945 1138 1756 1179">
     <span class='ocr_line' id='line_1_7' title="bbox 945 1138 1756 1179; baseline -0.007 0"><span class='ocrx_word' id='word_1_25' title='bbox 945 1138 1028 1179; x_wconf 74' lang='lat' dir='ltr'><strong>AD</strong></span> <span class='ocrx_word' id='word_1_26' title='bbox 1067 1138 1351 1179; x_wconf 76' lang='lat' dir='ltr'>POPULUM</span> <span class='ocrx_word' id='word_1_27' title='bbox 1389 1138 1711 1179; x_wconf 72' lang='lat' dir='ltr'><strong>ROMANUM.</strong></span> <span class='ocrx_word' id='word_1_28' title='bbox 1748 1166 1756 1173; x_wconf 90' lang='lat'><strong>.</strong></span> 
     </span>
    </p>
   </div>
   <div class='ocr_carea' id='block_1_5' title="bbox 654 1236 1990 2811">
    <p class='ocr_par' dir='ltr' id='par_1_6' title="bbox 654 1236 1990 2811">
     <span class='ocr_line' id='line_1_8' title="bbox 657 1236 1990 1316; baseline -0.001 -16"><span class='ocrx_word' id='word_1_29' title='bbox 657 1237 823 1313; x_wconf 69' lang='lat' dir='ltr'><strong>Quo,</strong></span> <span class='ocrx_word' id='word_1_30' title='bbox 849 1236 965 1316; x_wconf 73' lang='lat' dir='ltr'><strong>quo</strong></span> <span class='ocrx_word' id='word_1_31' title='bbox 993 1238 1219 1297; x_wconf 76' lang='lat' dir='ltr'><strong>scelesti</strong></span> <span class='ocrx_word' id='word_1_32' title='bbox 1247 1239 1452 1297; x_wconf 72' lang='lat' dir='ltr'><strong>ruitis?</strong></span> <span class='ocrx_word' id='word_1_33' title='bbox 1492 1250 1591 1297; x_wconf 89' lang='lat' dir='ltr'><strong>aut</strong></span> <span class='ocrx_word' id='word_1_34' title='bbox 1618 1258 1721 1296; x_wconf 82' lang='lat' dir='ltr'><strong>our</strong></span> <span class='ocrx_word' id='word_1_35' title='bbox 1742 1239 1990 1299; x_wconf 70' lang='lat' dir='ltr'><strong>dexteris</strong></span> 
     </span>
     <span class='ocr_line' id='line_1_9' title="bbox 978 1318 1745 1393; baseline -0.001 -18"><span class='ocrx_word' id='word_1_36' title='bbox 978 1319 1264 1393; x_wconf 87' lang='lat' dir='ltr'><strong>Aptantur</strong></span> <span class='ocrx_word' id='word_1_37' title='bbox 1291 1338 1461 1375; x_wconf 86' lang='lat' dir='ltr'><strong>enses</strong></span> <span class='ocrx_word' id='word_1_38' title='bbox 1487 1318 1745 1376; x_wconf 64' lang='lat' dir='ltr'><strong>conditi?</strong></span> 
     </span>
     <span class='ocr_line' id='line_1_10' title="bbox 658 1395 1885 1471; baseline -0.002 -15"><span class='ocrx_word' id='word_1_39' title='bbox 658 1397 945 1456; x_wconf 80' lang='lat' dir='ltr'><strong>Parumne</strong></span> <span class='ocrx_word' id='word_1_40' title='bbox 973 1397 1191 1470; x_wconf 79' lang='lat' dir='ltr'><strong>eampis</strong></span> <span class='ocrx_word' id='word_1_41' title='bbox 1219 1407 1387 1470; x_wconf 83' lang='lat' dir='ltr'><strong>atque</strong></span> <span class='ocrx_word' id='word_1_42' title='bbox 1416 1395 1690 1469; x_wconf 84' lang='lat' dir='ltr'>Neptuno</span> <span class='ocrx_word' id='word_1_43' title='bbox 1715 1415 1885 1471; x_wconf 88' lang='lat' dir='ltr'><strong>super</strong></span> 
     </span>
     <span class='ocr_line' id='line_1_11' title="bbox 975 1473 1895 1548; baseline 0.002 -19"><span class='ocrx_word' id='word_1_44' title='bbox 975 1473 1193 1530; x_wconf 84' lang='lat' dir='ltr'><strong>Fusum</strong></span> <span class='ocrx_word' id='word_1_45' title='bbox 1221 1485 1309 1530; x_wconf 85' lang='lat' dir='ltr'><strong>est</strong></span> <span class='ocrx_word' id='word_1_46' title='bbox 1338 1473 1528 1530; x_wconf 88' lang='lat' dir='ltr'><strong>Latini</strong></span> <span class='ocrx_word' id='word_1_47' title='bbox 1556 1475 1895 1548; x_wconf 62' lang='lat' dir='ltr'><strong>sanguinis?</strong></span> 
     </span>
     <span class='ocr_line' id='line_1_12' title="bbox 657 1550 1805 1627; baseline 0 -18"><span class='ocrx_word' id='word_1_48' title='bbox 657 1550 796 1611; x_wconf 90' lang='lat' dir='ltr'><strong>Non</strong></span> <span class='ocrx_word' id='word_1_49' title='bbox 823 1562 887 1609; x_wconf 89' lang='lat' dir='ltr'><strong>ut</strong></span> <span class='ocrx_word' id='word_1_50' title='bbox 912 1552 1183 1626; x_wconf 80' lang='lat' dir='ltr'><strong>superbas</strong></span> <span class='ocrx_word' id='word_1_51' title='bbox 1211 1551 1418 1608; x_wconf 79' lang='lat' dir='ltr'><strong>invidae</strong></span> <span class='ocrx_word' id='word_1_52' title='bbox 1441 1551 1805 1627; x_wconf 81' lang='lat' dir='ltr'><strong>Carthaginis</strong></span> 
     </span>
     <span class='ocr_line' id='line_1_13' title="bbox 973 1630 1698 1702; baseline 0 -15"><span class='ocrx_word' id='word_1_53' title='bbox 973 1630 1276 1687; x_wconf 82' lang='lat' dir='ltr'><strong>Romanus</strong></span> <span class='ocrx_word' id='word_1_54' title='bbox 1303 1650 1466 1688; x_wconf 81' lang='lat' dir='ltr'><strong>arces</strong></span> <span class='ocrx_word' id='word_1_55' title='bbox 1492 1642 1698 1702; x_wconf 86' lang='lat' dir='ltr'><strong>ureret,</strong></span> 
     </span>
     <span class='ocr_line' id='line_1_14' title="bbox 658 1708 1873 1768; baseline 0.001 -1"><span class='ocrx_word' id='word_1_56' title='bbox 658 1708 919 1767; x_wconf 76' lang='lat' dir='ltr'><strong>Intactas</strong></span> <span class='ocrx_word' id='word_1_57' title='bbox 944 1720 1043 1766; x_wconf 88' lang='lat' dir='ltr'><strong>aut</strong></span> <span class='ocrx_word' id='word_1_58' title='bbox 1069 1708 1380 1767; x_wconf 84' lang='lat' dir='ltr'>Britannus</span> <span class='ocrx_word' id='word_1_59' title='bbox 1407 1721 1470 1767; x_wconf 90' lang='lat' dir='ltr'><strong>ut</strong></span> <span class='ocrx_word' id='word_1_60' title='bbox 1497 1710 1873 1768; x_wconf 80' lang='lat' dir='ltr'>descenderet</span> 
     </span>
     <span class='ocr_line' id='line_1_15' title="bbox 975 1788 1639 1858; baseline 0 -14"><span class='ocrx_word' id='word_1_61' title='bbox 975 1788 1156 1845; x_wconf 72' lang='lat' dir='ltr'><strong>Sacra</strong></span> <span class='ocrx_word' id='word_1_62' title='bbox 1182 1800 1484 1847; x_wconf 70' lang='lat' dir='ltr'><strong>catenatus</strong></span> <span class='ocrx_word' id='word_1_63' title='bbox 1511 1789 1601 1845; x_wconf 72' lang='lat' dir='ltr'><strong>via</strong></span> <span class='ocrx_word' id='word_1_64' title='bbox 1624 1809 1639 1858; x_wconf 85' lang='lat'><em>3</em></span> 
     </span>
     <span class='ocr_line' id='line_1_16' title="bbox 658 1866 1909 1940; baseline 0.002 -16"><span class='ocrx_word' id='word_1_65' title='bbox 658 1866 777 1924; x_wconf 86' lang='lat' dir='ltr'><strong>Sed</strong></span> <span class='ocrx_word' id='word_1_66' title='bbox 805 1877 886 1937; x_wconf 89' lang='lat' dir='ltr'><strong>ut,</strong></span> <span class='ocrx_word' id='word_1_67' title='bbox 914 1867 1234 1924; x_wconf 80' lang='lat' dir='ltr'><strong>seeundum</strong></span> <span class='ocrx_word' id='word_1_68' title='bbox 1262 1880 1391 1925; x_wconf 89' lang='lat' dir='ltr'><strong>vota</strong></span> <span class='ocrx_word' id='word_1_69' title='bbox 1419 1867 1775 1940; x_wconf 80' lang='lat' dir='ltr'><strong>Parthorum,</strong></span> <span class='ocrx_word' id='word_1_70' title='bbox 1803 1867 1909 1926; x_wconf 66' lang='lat' dir='ltr'><strong>sua</strong></span> 
     </span>
     <span class='ocr_line' id='line_1_17' title="bbox 970 1944 1788 2023; baseline 0 -21"><span class='ocrx_word' id='word_1_71' title='bbox 970 1944 1121 2002; x_wconf 87' lang='lat' dir='ltr'><strong>Urbs</strong></span> <span class='ocrx_word' id='word_1_72' title='bbox 1149 1947 1274 2003; x_wconf 83' lang='lat' dir='ltr'><strong>haec</strong></span> <span class='ocrx_word' id='word_1_73' title='bbox 1303 1947 1512 2023; x_wconf 88' lang='lat' dir='ltr'><strong>periret</strong></span> <span class='ocrx_word' id='word_1_74' title='bbox 1538 1945 1788 2003; x_wconf 71' lang='lat' dir='ltr'><strong>dextera.</strong></span> 
     </span>
     <span class='ocr_line' id='line_1_18' title="bbox 655 2022 1907 2100; baseline 0 -18"><span class='ocrx_word' id='word_1_75' title='bbox 655 2022 863 2100; x_wconf 89' lang='lat' dir='ltr'>Neque</span> <span class='ocrx_word' id='word_1_76' title='bbox 889 2024 986 2081; x_wconf 80' lang='lat' dir='ltr'><strong>hio</strong></span> <span class='ocrx_word' id='word_1_77' title='bbox 1010 2024 1159 2100; x_wconf 86' lang='lat' dir='ltr'><strong>lupis</strong></span> <span class='ocrx_word' id='word_1_78' title='bbox 1186 2045 1329 2098; x_wconf 71' lang='lat' dir='ltr'><strong>moe,</strong></span> <span class='ocrx_word' id='word_1_79' title='bbox 1357 2045 1468 2083; x_wconf 83' lang='lat' dir='ltr'><strong>neo</strong></span> <span class='ocrx_word' id='word_1_80' title='bbox 1495 2025 1601 2084; x_wconf 87' lang='lat' dir='ltr'><strong>fuit</strong></span> <span class='ocrx_word' id='word_1_81' title='bbox 1627 2025 1907 2097; x_wconf 77' lang='lat' dir='ltr'><strong>leonibus,</strong></span> 
     </span>
     <span class='ocr_line' id='line_1_19' title="bbox 966 2101 1906 2180; baseline 0.002 -20"><span class='ocrx_word' id='word_1_82' title='bbox 966 2101 1280 2180; x_wconf 81' lang='lat' dir='ltr'><strong>Nunquam</strong></span> <span class='ocrx_word' id='word_1_83' title='bbox 1309 2105 1420 2164; x_wconf 87' lang='lat' dir='ltr'><strong>nisi</strong></span> <span class='ocrx_word' id='word_1_84' title='bbox 1448 2105 1508 2163; x_wconf 91' lang='lat' dir='ltr'><strong>in</strong></span> <span class='ocrx_word' id='word_1_85' title='bbox 1538 2105 1727 2179; x_wconf 83' lang='lat' dir='ltr'>dispar</span> <span class='ocrx_word' id='word_1_86' title='bbox 1756 2103 1906 2162; x_wconf 70' lang='lat' dir='ltr'><strong>ferie.</strong></span> 
     </span>
     <span class='ocr_line' id='line_1_20' title="bbox 657 2180 1789 2257; baseline 0 -19"><span class='ocrx_word' id='word_1_87' title='bbox 657 2180 918 2241; x_wconf 85' lang='lat' dir='ltr'><strong>Furorne</strong></span> <span class='ocrx_word' id='word_1_88' title='bbox 945 2201 1152 2253; x_wconf 76' lang='lat' dir='ltr'><strong>oaeouS,</strong></span> <span class='ocrx_word' id='word_1_89' title='bbox 1183 2203 1256 2239; x_wconf 87' lang='lat' dir='ltr'><strong>an</strong></span> <span class='ocrx_word' id='word_1_90' title='bbox 1283 2184 1430 2257; x_wconf 83' lang='lat' dir='ltr'><strong>rapit</strong></span> <span class='ocrx_word' id='word_1_91' title='bbox 1456 2183 1541 2238; x_wconf 83' lang='lat' dir='ltr'><strong>vis</strong></span> <span class='ocrx_word' id='word_1_92' title='bbox 1567 2184 1789 2239; x_wconf 63' lang='lat' dir='ltr'><strong>aerior?</strong></span> 
     </span>
     <span class='ocr_line' id='line_1_21' title="bbox 974 2259 1856 2334; baseline 0.005 -20"><span class='ocrx_word' id='word_1_93' title='bbox 974 2259 1072 2315; x_wconf 91' lang='lat' dir='ltr'><strong>An</strong></span> <span class='ocrx_word' id='word_1_94' title='bbox 1099 2259 1307 2333; x_wconf 63' lang='lat' dir='ltr'><strong>culpa?</strong></span> <span class='ocrx_word' id='word_1_95' title='bbox 1348 2277 1680 2334; x_wconf 81' lang='lat' dir='ltr'><strong>responsum</strong></span> <span class='ocrx_word' id='word_1_96' title='bbox 1709 2260 1856 2318; x_wconf 91' lang='lat' dir='ltr'><strong>date.</strong></span> 
     </span>
     <span class='ocr_line' id='line_1_22' title="bbox 657 2335 1763 2411; baseline 0 -17"><span class='ocrx_word' id='word_1_97' title='bbox 657 2335 919 2409; x_wconf 74' lang='lat' dir='ltr'><strong>Tacent3</strong></span> <span class='ocrx_word' id='word_1_98' title='bbox 959 2346 1019 2393; x_wconf 90' lang='lat' dir='ltr'><strong>et</strong></span> <span class='ocrx_word' id='word_1_99' title='bbox 1044 2355 1143 2393; x_wconf 89' lang='lat' dir='ltr'><strong>ora</strong></span> <span class='ocrx_word' id='word_1_100' title='bbox 1169 2337 1346 2411; x_wconf 85' lang='lat' dir='ltr'><strong>pallor</strong></span> <span class='ocrx_word' id='word_1_101' title='bbox 1373 2338 1536 2395; x_wconf 85' lang='lat' dir='ltr'><strong>albus</strong></span> <span class='ocrx_word' id='word_1_102' title='bbox 1563 2336 1763 2409; x_wconf 82' lang='lat' dir='ltr'><strong>inficit,</strong></span> 
     </span>
     <span class='ocr_line' id='line_1_23' title="bbox 971 2412 1889 2493; baseline 0.004 -23"><span class='ocrx_word' id='word_1_103' title='bbox 971 2412 1312 2491; x_wconf 80' lang='lat' dir='ltr'><strong>Mente-sque</strong></span> <span class='ocrx_word' id='word_1_104' title='bbox 1340 2417 1616 2493; x_wconf 80' lang='lat' dir='ltr'><strong>perculsae</strong></span> <span class='ocrx_word' id='word_1_105' title='bbox 1644 2427 1889 2492; x_wconf 85' lang='lat' dir='ltr'><strong>stupent.</strong></span> 
     </span>
     <span class='ocr_line' id='line_1_24' title="bbox 657 2491 1834 2571; baseline 0.002 -19"><span class='ocrx_word' id='word_1_106' title='bbox 657 2491 760 2552; x_wconf 75' lang='lat' dir='ltr'><strong>Sic</strong></span> <span class='ocrx_word' id='word_1_107' title='bbox 785 2503 900 2552; x_wconf 85' lang='lat' dir='ltr'><strong>est:</strong></span> <span class='ocrx_word' id='word_1_108' title='bbox 942 2494 1149 2552; x_wconf 74' lang='lat' dir='ltr'><strong>acerba</strong></span> <span class='ocrx_word' id='word_1_109' title='bbox 1177 2495 1290 2553; x_wconf 86' lang='lat' dir='ltr'><strong>sata</strong></span> <span class='ocrx_word' id='word_1_110' title='bbox 1319 2495 1616 2553; x_wconf 86' lang='lat' dir='ltr'><strong>Romanos</strong></span> <span class='ocrx_word' id='word_1_111' title='bbox 1638 2506 1834 2571; x_wconf 86' lang='lat' dir='ltr'><strong>agunt,</strong></span> 
     </span>
     <span class='ocr_line' id='line_1_25' title="bbox 971 2573 1785 2649; baseline 0.002 -19"><span class='ocrx_word' id='word_1_112' title='bbox 971 2573 1285 2649; x_wconf 79' lang='lat' dir='ltr'><strong>Scelusque</strong></span> <span class='ocrx_word' id='word_1_113' title='bbox 1315 2575 1576 2633; x_wconf 83' lang='lat' dir='ltr'><strong>fraternae</strong></span> <span class='ocrx_word' id='word_1_114' title='bbox 1604 2575 1785 2648; x_wconf 75' lang='lat' dir='ltr'><strong>neoiS,</strong></span> 
     </span>
     <span class='ocr_line' id='line_1_26' title="bbox 654 2649 1825 2713; baseline 0 -1"><span class='ocrx_word' id='word_1_115' title='bbox 654 2649 735 2712; x_wconf 82' lang='lat' dir='ltr'><strong>Ut</strong></span> <span class='ocrx_word' id='word_1_116' title='bbox 758 2651 1109 2711; x_wconf 79' lang='lat' dir='ltr'><strong>immerentis</strong></span> <span class='ocrx_word' id='word_1_117' title='bbox 1136 2652 1296 2711; x_wconf 87' lang='lat' dir='ltr'><strong>fluxit</strong></span> <span class='ocrx_word' id='word_1_118' title='bbox 1324 2654 1384 2713; x_wconf 89' lang='lat' dir='ltr'><strong>in</strong></span> <span class='ocrx_word' id='word_1_119' title='bbox 1412 2665 1619 2712; x_wconf 83' lang='lat' dir='ltr'><strong>terram</strong></span> <span class='ocrx_word' id='word_1_120' title='bbox 1648 2652 1825 2712; x_wconf 86' lang='lat' dir='ltr'><strong>Remi</strong></span> 
     </span>
     <span class='ocr_line' id='line_1_27' title="bbox 968 2732 1683 2811; baseline 0 -21"><span class='ocrx_word' id='word_1_121' title='bbox 968 2732 1145 2790; x_wconf 79' lang='lat' dir='ltr'><strong>Sacer</strong></span> <span class='ocrx_word' id='word_1_122' title='bbox 1171 2733 1472 2811; x_wconf 87' lang='lat' dir='ltr'><strong>nepotibus</strong></span> <span class='ocrx_word' id='word_1_123' title='bbox 1499 2751 1683 2791; x_wconf 85' lang='lat' dir='ltr'><strong>eruor.</strong></span> 
     </span>
    </p>
   </div>
   <div class='ocr_carea' id='block_1_6' title="bbox 1135 3039 1518 3100">
    <p class='ocr_par' dir='ltr' id='par_1_7' title="bbox 1135 3039 1518 3100">
     <span class='ocr_line' id='line_1_28' title="bbox 1135 3039 1518 3100; baseline 0.003 -1"><span class='ocrx_word' id='word_1_124' title='bbox 1135 3039 1306 3099; x_wconf 90' lang='lat' dir='ltr'><strong>ODE</strong></span> <span class='ocrx_word' id='word_1_125' title='bbox 1345 3040 1518 3100; x_wconf 92' lang='lat' dir='ltr'><strong>VIII.</strong></span> 
     </span>
    </p>
   </div>
   <div class='ocr_carea' id='block_1_7' title="bbox 1060 3179 1600 3221">
    <p class='ocr_par' dir='ltr' id='par_1_8' title="bbox 1060 3179 1600 3221">
     <span class='ocr_line' id='line_1_29' title="bbox 1060 3179 1600 3221; baseline 0.007 -4"><span class='ocrx_word' id='word_1_126' title='bbox 1060 3179 1141 3217; x_wconf 75' lang='lat' dir='ltr'><strong>AD</strong></span> <span class='ocrx_word' id='word_1_127' title='bbox 1181 3179 1600 3221; x_wconf 74' lang='lat' dir='ltr'><strong>MAECENATEM.</strong></span> 
     </span>
    </p>
   </div>
   <div class='ocr_carea' id='block_1_8' title="bbox 646 3276 2104 3361">
    <p class='ocr_par' dir='ltr' id='par_1_9' title="bbox 646 3276 2104 3361">
     <span class='ocr_line' id='line_1_30' title="bbox 646 3276 2104 3361; baseline 0.001 -22"><span class='ocrx_word' id='word_1_128' title='bbox 646 3280 917 3345; x_wconf 71' lang='lat' dir='ltr'><strong>QUANDO</strong></span> <span class='ocrx_word' id='word_1_129' title='bbox 944 3276 1234 3353; x_wconf 66' lang='lat' dir='ltr'><strong>repostum</strong></span> <span class='ocrx_word' id='word_1_130' title='bbox 1263 3276 1582 3338; x_wconf 82' lang='lat' dir='ltr'><strong>Caeoubum</strong></span> <span class='ocrx_word' id='word_1_131' title='bbox 1609 3282 1683 3338; x_wconf 89' lang='lat' dir='ltr'><strong>ad</strong></span> <span class='ocrx_word' id='word_1_132' title='bbox 1711 3281 1883 3340; x_wconf 74' lang='lat' dir='ltr'><strong>festas</strong></span> <span class='ocrx_word' id='word_1_133' title='bbox 1908 3282 2104 3361; x_wconf 73' lang='lat' dir='ltr'><strong>dapes,</strong></span> 
     </span>
    </p>
   </div>
   <div class='ocr_carea' id='block_1_9' title="bbox 646 3357 1939 3826">
    <p class='ocr_par' dir='ltr' id='par_1_10' title="bbox 646 3357 1939 3826">
     <span class='ocr_line' id='line_1_31' title="bbox 963 3357 1663 3433; baseline 0.003 -18"><span class='ocrx_word' id='word_1_134' title='bbox 963 3357 1196 3416; x_wconf 80' lang='lat' dir='ltr'><strong>Victore</strong></span> <span class='ocrx_word' id='word_1_135' title='bbox 1225 3358 1388 3415; x_wconf 78' lang='lat' dir='ltr'><strong>laetus</strong></span> <span class='ocrx_word' id='word_1_136' title='bbox 1416 3358 1663 3433; x_wconf 81' lang='lat' dir='ltr'><strong>Caesare,</strong></span> 
     </span>
     <span class='ocr_line' id='line_1_32' title="bbox 646 3436 1939 3513; baseline 0.002 -16"><span class='ocrx_word' id='word_1_137' title='bbox 646 3436 878 3497; x_wconf 77' lang='lat' dir='ltr'><strong>Tecum</strong></span> <span class='ocrx_word' id='word_1_138' title='bbox 905 3438 1013 3495; x_wconf 81' lang='lat' dir='ltr'><strong>sub</strong></span> <span class='ocrx_word' id='word_1_139' title='bbox 1039 3437 1173 3509; x_wconf 70' lang='lat' dir='ltr'><strong>alta,</strong></span> <span class='ocrx_word' id='word_1_140' title='bbox 1202 3437 1288 3494; x_wconf 81' lang='lat' dir='ltr'><strong>sie</strong></span> <span class='ocrx_word' id='word_1_141' title='bbox 1315 3436 1447 3495; x_wconf 88' lang='lat' dir='ltr'><strong>Jovi</strong></span> <span class='ocrx_word' id='word_1_142' title='bbox 1471 3451 1719 3513; x_wconf 83' lang='lat' dir='ltr'><strong>gratum,</strong></span> <span class='ocrx_word' id='word_1_143' title='bbox 1750 3439 1939 3513; x_wconf 88' lang='lat' dir='ltr'><strong>domo,</strong></span> 
     </span>
     <span class='ocr_line' id='line_1_33' title="bbox 964 3515 1878 3591; baseline 0.001 -16"><span class='ocrx_word' id='word_1_144' title='bbox 964 3517 1140 3575; x_wconf 88' lang='lat' dir='ltr'><strong>Beate</strong></span> <span class='ocrx_word' id='word_1_145' title='bbox 1170 3515 1482 3590; x_wconf 62' lang='lat' dir='ltr'><strong>Maecenas,</strong></span> <span class='ocrx_word' id='word_1_146' title='bbox 1512 3518 1724 3591; x_wconf 80' lang='lat' dir='ltr'><strong>bibam,</strong></span> <span class='ocrx_word' id='word_1_147' title='bbox 1859 3528 1878 3543; x_wconf 67' lang='lat'>²</span> 
     </span>
     <span class='ocr_line' id='line_1_34' title="bbox 649 3594 1778 3671; baseline -0.001 -17"><span class='ocrx_word' id='word_1_148' title='bbox 649 3594 905 3654; x_wconf 83' lang='lat' dir='ltr'><strong>Sonante</strong></span> <span class='ocrx_word' id='word_1_149' title='bbox 931 3596 1171 3654; x_wconf 86' lang='lat' dir='ltr'><strong>mixtum</strong></span> <span class='ocrx_word' id='word_1_150' title='bbox 1200 3596 1355 3653; x_wconf 83' lang='lat' dir='ltr'><strong>tibiis</strong></span> <span class='ocrx_word' id='word_1_151' title='bbox 1384 3615 1614 3653; x_wconf 82' lang='lat' dir='ltr'><strong>carmen</strong></span> <span class='ocrx_word' id='word_1_152' title='bbox 1638 3597 1778 3671; x_wconf 68' lang='lat' dir='ltr'><strong>lyra,</strong></span> 
     </span>
     <span class='ocr_line' id='line_1_35' title="bbox 967 3673 1901 3744; baseline 0.002 -16"><span class='ocrx_word' id='word_1_153' title='bbox 967 3673 1102 3729; x_wconf 66' lang='lat' dir='ltr'><strong>Hae</strong></span> <span class='ocrx_word' id='word_1_154' title='bbox 1129 3673 1389 3744; x_wconf 83' lang='lat' dir='ltr'><strong>Dorium,</strong></span> <span class='ocrx_word' id='word_1_155' title='bbox 1419 3674 1528 3731; x_wconf 84' lang='lat' dir='ltr'><strong>illis</strong></span> <span class='ocrx_word' id='word_1_156' title='bbox 1556 3674 1901 3744; x_wconf 84' lang='lat' dir='ltr'><strong>Barbarum3</strong></span> 
     </span>
     <span class='ocr_line' id='line_1_36' title="bbox 649 3748 1874 3826; baseline 0.003 -19"><span class='ocrx_word' id='word_1_157' title='bbox 649 3748 730 3808; x_wconf 85' lang='lat' dir='ltr'><strong>Ut</strong></span> <span class='ocrx_word' id='word_1_158' title='bbox 753 3768 955 3826; x_wconf 87' lang='lat' dir='ltr'><strong>nuper,</strong></span> <span class='ocrx_word' id='word_1_159' title='bbox 983 3759 1145 3807; x_wconf 79' lang='lat' dir='ltr'><strong>actus</strong></span> <span class='ocrx_word' id='word_1_160' title='bbox 1170 3770 1348 3826; x_wconf 87' lang='lat' dir='ltr'><strong>quum</strong></span> <span class='ocrx_word' id='word_1_161' title='bbox 1377 3751 1520 3809; x_wconf 87' lang='lat' dir='ltr'><strong>freto</strong></span> <span class='ocrx_word' id='word_1_162' title='bbox 1546 3750 1874 3826; x_wconf 78' lang='lat' dir='ltr'><strong>Neptunius</strong></span> 
     </span>
    </p>
   </div>
   <div class='ocr_carea' id='block_1_10' title="bbox 2246 606 2323 669">
    <p class='ocr_par' dir='ltr' id='par_1_11' title="bbox 2246 606 2323 669">
     <span class='ocr_line' id='line_1_37' title="bbox 2246 606 2323 669; baseline 0.013 -1"><span class='ocrx_word' id='word_1_163' title='bbox 2246 606 2323 669; x_wconf 69' lang='lat'><strong>13</strong></span> 
     </span>
    </p>
   </div>
   <div class='ocr_carea' id='block_1_11' title="bbox 2244 1948 2316 2007">
    <p class='ocr_par' dir='ltr' id='par_1_12' title="bbox 2244 1948 2316 2007">
     <span class='ocr_line' id='line_1_38' title="bbox 2244 1948 2316 2007; baseline 0 0"><span class='ocrx_word' id='word_1_164' title='bbox 2244 1948 2316 2007; x_wconf 85' lang='lat'><strong>1⁰</strong></span> 
     </span>
    </p>
   </div>
   <div class='ocr_carea' id='block_1_12' title="bbox 2203 2339 2317 2400">
    <p class='ocr_par' dir='ltr' id='par_1_13' title="bbox 2203 2339 2317 2400">
     <span class='ocr_line' id='line_1_39' title="bbox 2203 2339 2317 2400; baseline 0 0"><span class='ocrx_word' id='word_1_165' title='bbox 2203 2339 2317 2400; x_wconf 70' lang='lat'><strong>&#39;15</strong></span> 
     </span>
    </p>
   </div>
   <div class='ocr_carea' id='block_1_13' title="bbox 2230 2734 2317 2796">
    <p class='ocr_par' dir='ltr' id='par_1_14' title="bbox 2230 2734 2317 2796">
     <span class='ocr_line' id='line_1_40' title="bbox 2230 2734 2317 2796; baseline -0.034 0"><span class='ocrx_word' id='word_1_166' title='bbox 2230 2734 2317 2796; x_wconf 80' lang='lat'><strong>2⁰</strong></span> 
     </span>
    </p>
   </div>
  </div>
 </body>
</html>
