2621 4297
976 259 1039 315 o.
1074 257 1369 307 nomm
1400 256 1671 334 FLAccr

1179 479 1350 539 ODE
1376 479 1455 538 X.

1108 615 1190 653 An
1218 610 1523 655 ROMANOS.

641 715 954 775 Huncuus
982 716 1114 787 ritu,
1152 712 1324 772 modo
1354 716 1561 787 dictuS,
1588 734 1624 774 o
1650 715 1833 793 plebs,

641 793 829 853 Morte
861 796 1116 851 venalem
1143 795 1375 870 petiisse
1403 795 1646 868 laurum,

640 873 834 931 Caesar
863 874 1126 950 Hispana
1153 874 1358 949 repetit
1385 873 1632 931 Penates

1115 953 1315 1009 Victor
1343 953 1415 1009 ab
1441 954 1558 1010 ora.

640 1031 830 1090 Unico
854 1033 1113 1108 gaudens
1138 1031 1342 1088 mulier
1370 1033 1571 1089 marito

639 1111 905 1184 Prodeat,
927 1112 1094 1187 justis
1119 1122 1352 1186 operata
1378 1111 1554 1180 divis;

641 1188 719 1246 Et
745 1210 899 1248 soror
927 1190 1069 1247 clari
1096 1190 1261 1245 ducis
1285 1209 1298 1246 ε
1341 1200 1399 1245 et
1425 1190 1648 1251 decorae

1119 1268 1392 1343 Supplice
1420 1268 1559 1325 vitta
1641 1334 1646 1337 γ

644 1347 953 1423 Virginum
977 1356 1186 1403 matres
1206 1347 1594 1420 juvenumque
1622 1364 1803 1421 nuper

646 1425 952 1501 Sospitam.
1038 1426 1176 1495 Vos,
1204 1444 1241 1480 o
1267 1425 1449 1499 pueri,
1478 1435 1535 1481 et
1562 1424 1765 1499 puellae

644 1503 681 1560 J
685 1523 777 1560 am
804 1504 986 1560 virum
1014 1513 1280 1578 expertae‚
1308 1501 1460 1559 male
1488 1504 1756 1561 ominatis

1117 1581 1344 1638 Parcite
1372 1582 1574 1638 verbis,

645 1660 765 1717 Hic
792 1660 914 1718 diae
941 1657 1075 1717 vere
1104 1661 1244 1716 mihi
1274 1661 1448 1717 festus
1476 1673 1626 1721 atras

643 1738 872 1797 Eximet
899 1758 1098 1796 curas:
1142 1758 1250 1815 ego
1279 1758 1390 1796 nec
1416 1740 1742 1812 tumultum,

642 1816 775 1875 Nec
802 1820 946 1876 mori
974 1837 1074 1894 per
1101 1819 1214 1876 vim
1242 1830 1514 1892 metuam,
1542 1829 1773 1877 tenente

1120 1898 1349 1955 Caesare
1377 1908 1570 1956 terras.

647 1974 701 2047 1,
731 1986 862 2052 pete
889 1989 1268 2053 unguentum,
1296 1996 1457 2053 puer,
1485 1988 1544 2034 et
1570 1995 1833 2051 corones,

642 2053 720 2112 Et
747 2057 955 2112 cadum
983 2052 1168 2115 Marsi
1191 2075 1500 2115 memorem
1528 2057 1722 2128 duelli,

649 2134 986 2212 Spartacum
1013 2137 1061 2192 si
1088 2135 1202 2211 quii
1227 2137 1409 2210 potuit
1435 2146 1737 2211 vagantem

1119 2212 1344 2269 Fallere
1372 2223 1531 2270 testa}

645 2292 760 2349 Dic
786 2302 845 2348 et
871 2301 1085 2366 argutae
1112 2303 1374 2365 properet
1401 2290 1624 2349 Neaerae

646 2368 709 2426 M
713 2370 1008 2443 yrrhinum
1036 2370 1188 2426 nodo
1215 2370 1482 2428 cohibere
1511 2372 1762 2431 crinem:

647 2447 713 2506 Si
737 2467 838 2524 per
867 2449 1113 2510 invisum
1137 2468 1294 2506 mora
1315 2450 1618 2524 janitorem

1120 2527 1269 2600 Fiet,
1299 2529 1466 2587 abito.

645 2605 816 2664 Lenit
843 2606 1143 2664 albescens
1170 2608 1393 2665 animos
1422 2608 1662 2684 capillus

646 2684 861 2743 Litium
888 2696 946 2743 et
973 2687 1109 2743 rixae
1137 2688 1377 2762 cupidos
1402 2700 1707 2764 protervae:

646 2763 782 2823 Non
809 2784 919 2842 ego
947 2768 1056 2824 hoc
1085 2767 1307 2839 ferrem,
1338 2768 1560 2824 calidus
1580 2766 1836 2843 juvenffi,

1122 2846 1375 2903 Consule
1404 2846 1636 2904 Planco.

1481 3030 1623 3041 0——

1157 3158 1327 3217 ODE
1352 3159 1465 3218 XI.

1056 3296 1138 3334 An
1179 3295 1596 3335 MAECENATEM.

647 3396 961 3456 INcLusm
989 3396 1237 3454 Danaen
1264 3396 1436 3453 turris
1463 3396 1703 3471 ahenea,

646 3474 1036 3551 Robustaeque
1065 3477 1233 3548 fores,
1260 3486 1319 3533 et
1346 3475 1582 3551 vigilum
1610 3495 1822 3535 canum

647 3554 868 3611 Tristes
893 3556 1171 3626 excubiae,
1201 3555 1528 3612 munierant
1555 3554 1693 3613 satis

962 3631 1278 3690 Nocturnis
1305 3635 1378 3689 ab
1406 3636 1711 3703 adulteris3

647 3710 713 3769 Si
738 3728 854 3767 non
883 3710 1192 3779 Acrisium,
1221 3711 1457 3786 virginis
1484 3712 1690 3768 abditae

646 3786 963 3846 Custodem
987 3787 1276 3863 pavidum,
1304 3788 1528 3865 Jupiter
1555 3801 1615 3847 et
1638 3790 1842 3849 Venus

2235 1425 2312 1483 10

2236 1818 2314 1878 15
