2621 4297
979 277 1380 327 CARMINUM
1412 276 1546 327 LIB.
1580 278 1626 327 1.

621 419 805 483 Quod
831 419 980 477 latus
1007 420 1208 477 mundi
1235 419 1461 477 nebulae
1488 419 1783 496 malusque

1018 497 1243 574 Jupiter
1272 509 1473 573 urget3

622 578 780 636 Pone
808 577 915 633 sub
941 596 1112 634 curru
1138 574 1384 634 nimium
1412 577 1711 654 propinqui

623 657 793 728 Solis»,
820 656 882 713 in
909 656 1059 713 terra
1086 656 1351 715 domibus
1379 658 1588 731 negata
1611 676 1625 713 z

623 732 812 794 Dulce
840 735 1121 792 ridentem
1150 734 1405 810 Lalagen
1433 736 1655 809 amabe,

1017 813 1205 872 Dulce
1234 814 1578 890 loquentem.

1129 1130 1301 1188 ODE
1328 1132 1469 1189 XX.

1079 1265 1159 1305 AD
1201 1267 1537 1309 VIRGILIUM.

626 1369 786 1432 Qms
814 1342 1098 1425 desiderio
1122 1367 1196 1424 sit
1220 1369 1402 1443 pudor
1430 1379 1528 1426 aut
1552 1369 1757 1427 modus

627 1448 782 1507 Tam
808 1447 926 1505 cari
954 1447 1195 1522 capitis?
1262 1448 1517 1525 Praecipe
1545 1449 1815 1523 lugubres

540 1582 543 1585 ,
627 1527 864 1599 CantuS,
893 1525 1275 1601 Melpomene,
1304 1529 1400 1585 cui
1427 1528 1698 1603 liquidam
1725 1529 1894 1587 Pater

785 1607 1003 1665 Vocem
1031 1625 1163 1662 cum
1193 1608 1414 1665 cithara
1441 1608 1614 1665 dedit.

628 1686 784 1763 Ergo
808 1685 1195 1747 Quinctilium
1222 1698 1529 1763 perpetuus
1557 1706 1722 1763 sopor

629 1764 839 1842 Urget!
884 1765 979 1822 cui
1007 1764 1217 1837 Pudor,
1245 1776 1304 1823 et
1331 1765 1367 1822 J
1374 1767 1578 1824 ustitiae
1607 1786 1762 1825 soror

629 1844 967 1920 Incorrupta
992 1843 1189 1916 Fides,
1217 1846 1484 1921 nudaque
1512 1846 1760 1919 VeritaS,

781 1923 1039 1984 Quando
1065 1923 1243 1987 ullum
1272 1925 1523 1983 inveniet
1548 1925 1785 2000 parem'l

627 2001 829 2060 Multis
856 2001 951 2058 ille
978 2001 1144 2058 bonis
1171 2002 1375 2059 flebilis
1400 2004 1645 2071 occidit3

629 2081 793 2140 Nulli
821 2079 1060 2137 flebilior
1087 2078 1260 2155 quam
1287 2081 1411 2153 tibi,
1440 2081 1663 2157 Virgili.

628 2161 728 2220 Tu
757 2157 963 2218 frustra
989 2160 1138 2234 pius,
1170 2161 1317 2218 heu!
1362 2180 1479 2218 non
1508 2162 1588 2219 ita
1613 2160 1895 2221 creditum

784 2239 983 2296 Poscis
1006 2238 1394 2299 Quinctilium
1421 2240 1576 2298 deofl.

628 2315 809 2382 Quod
836 2318 884 2375 si
910 2316 1189 2375 Threicio
1218 2317 1486 2377 blandius
1512 2319 1749 2397 Orpheo

632 2398 906 2458 Auditum
933 2397 1228 2454 moderere
1257 2398 1550 2455 arboribus
1576 2399 1769 2475 fidem,

634 2476 772 2535 Non
796 2494 955 2532 vanae
984 2476 1179 2533 redeat
1205 2478 1439 2551 sanguis
1466 2479 1702 2553 imagini

791 2555 987 2616 Quam
1016 2555 1176 2630 virga
1202 2556 1379 2613 semel
1410 2556 1659 2629 horrida,

633 2633 769 2692 Non
794 2635 939 2692 lenis
964 2635 1232 2709 precibus
1259 2636 1374 2692 fata
1401 2635 1716 2709 recludere,

633 2712 817 2789 Nigro
843 2713 1180 2787 compulerit
1206 2711 1531 2770 Mercurius
1557 2716 1733 2791 gregi.

634 2791 857 2851 Durum
880 2794 893 2849 l
940 2792 1058 2849 Sed
1087 2791 1269 2849 levius
1296 2792 1359 2850 fit
1385 2793 1659 2868 patientia

787 2871 1087 2947 Quidquid
1115 2873 1399 2949 corrigere
1427 2881 1513 2930 ebt
1540 2873 1716 2931 nefas.

1131 3186 1300 3244 ODE
1329 3187 1502 3254 XXI.

1043 3324 1122 3363 nn
1166 3324 1323 3362 AEmo
1347 3311 1570 3364 ‘LAM1A.

640 3423 832 3483 Musis
858 3425 1098 3493 amicuS,
1124 3425 1410 3482 tristitiam
1437 3436 1495 3480 et
1522 3432 1709 3479 metus

637 3503 890 3561 Tradam
917 3503 1191 3578 protervis
1216 3503 1278 3556 in
1307 3519 1461 3556 mare
1490 3500 1783 3558 Creticum

714 3583 945 3641 Portare
974 3579 1188 3637 ventis:
1231 3576 1360 3653 quis
1387 3578 1492 3635 sub
1520 3580 1700 3638 Arcto

794 3661 930 3718 Rex
957 3659 1160 3735 gelidae
1187 3668 1470 3715 metuatur
1494 3677 1628 3730 oroe,

637 3739 801 3800 Quid
829 3739 1145 3796 Teridaten
1172 3748 1399 3808 terreat,
1427 3735 1598 3795 unice

643 3818 910 3876 Securus·
992 3818 1070 3889 O,
1097 3835 1222 3892 quae
1252 3818 1501 3875 fontibus
1529 3816 1765 3891 integris

2219 2084 2292 2144 1⁰
