2621 4297
956 357 1256 408 cARMEN
1292 318 1696 407 simonae.

654 499 906 560 Condito
931 502 1085 559 mitis
1109 500 1481 577 placidusque
1508 500 1623 558 telo

654 580 956 656 Supplices
984 580 1117 637 audi
1144 598 1368 655 puerOS,
1399 578 1640 654 Apollo:

655 659 924 717 ffiderum
951 659 1151 735 regina
1176 658 1446 729 bicornis,
1475 657 1631 729 audi,

1129 736 1316 808 Luna,
1346 735 1578 811 puellas.

654 816 847 874 Roma
873 817 921 873 si
952 827 1198 874 vestrum
1226 826 1315 872 est
1340 833 1502 889 opus,
1531 813 1763 890 Iliaeque

653 895 841 954 Littus
868 894 1177 952 Etruscum
1204 891 1443 951 tenuere
1469 904 1690 966 turmae,

654 973 828 1033 Iussa
852 993 982 1050 pars
1010 984 1229 1030 mutare
1259 972 1435 1029 Lares
1462 983 1519 1030 et
1545 975 1744 1030 urbem

1131 1052 1356 1127 Sospite
1385 1070 1577 1122 cursu,

655 1131 770 1189 Cui
796 1151 897 1207 per
925 1132 1223 1188 ardentem
1251 1131 1377 1187 sine
1405 1130 1601 1187 fraude
1629 1129 1865 1207 Trojam

655 1210 867 1267 Castus
895 1210 1133 1280 AEneas‚
1161 1210 1357 1285 patriae
1386 1220 1689 1284 superstes,

655 1288 928 1347 Liberum
955 1289 1197 1346 munivit
1223 1288 1350 1359 iter,
1380 1288 1614 1345 daturus

1129 1366 1300 1423 Plura
1329 1366 1574 1422 relictis:

655 1443 755 1517 Di,
782 1445 986 1521 probos
1013 1463 1198 1501 mores
1226 1443 1398 1500 docili
1420 1444 1690 1517 juventae,

656 1522 757 1594 Di,
794 1523 1075 1579 senectuti
1101 1522 1341 1597 placidae
1368 1522 1637 1595 quietem,

654 1601 922 1659 Romulae
951 1601 1110 1676 genti
1138 1600 1268 1658 date
1296 1618 1529 1674 remque
1556 1599 1888 1675 prolemque

1128 1678 1205 1736 Et
1231 1679 1411 1735 decus
1436 1698 1625 1736 omne.

651 1755 919 1834 Quasque
942 1778 1040 1816 vos
1067 1758 1247 1815 bobus
1275 1768 1575 1816 veneratur
1602 1758 1745 1815 albis

654 1836 860 1895 Clarus
888 1838 1163 1895 Anchisae
1190 1838 1547 1912 Venerisque
1576 1837 1829 1914 sanguis,

655 1914 948 1993 Impetret,
976 1916 1222 1974 bellante
1250 1918 1423 1993 prior,
1444 1918 1733 1992 jacentem

1129 1995 1306 2053 Lenis
1334 1997 1393 2053 in
1422 1998 1660 2055 hostem.

656 2072 694 2129 J
698 2093 788 2131 am
817 2075 960 2133 mari
986 2075 1248 2151 terraque
1274 2094 1481 2133 manus
1505 2085 1766 2152 potentes

654 2152 866 2212 Medus
894 2156 1261 2229 Albanasque
1288 2156 1451 2213 timet
1476 2174 1742 2212 secures:

655 2229 789 2289 Jam
818 2235 1046 2308 Scythae
1072 2252 1345 2307 responsa
1370 2244 1590 2308 petunt,
1620 2233 1849 2309 superbi

1126 2309 1349 2386 Nuper,
1370 2324 1428 2368 et
1455 2311 1607 2369 Indi.

652 2386 787 2445 Jam
816 2388 1007 2462 Fides,
1036 2400 1095 2446 et
1122 2388 1262 2462 Pax,
1290 2403 1350 2448 et
1375 2390 1597 2464 Honor,
1626 2391 1928 2467 Pudorque

660 2467 912 2542 Priscus,
940 2480 998 2527 et
1025 2469 1291 2545 neglecta
1317 2471 1501 2528 redire
1529 2471 1729 2528 Virtus

657 2549 885 2620 Audet3
930 2560 1274 2625 apparetque
1303 2550 1467 2607 beata
1493 2550 1664 2626 pleno

1133 2629 1319 2704 Copia
1346 2648 1541 2687 cornu.

655 2708 861 2784 Augur
887 2718 947 2764 et
973 2706 1225 2783 fulgente
1253 2709 1497 2766 decorus
1525 2727 1662 2765 arcu

655 2787 936 2860 Phoebus,
956 2798 1336 2862 acceptusque
1363 2807 1567 2845 novem
1595 2785 1909 2859 Camoenie,

653 2864 779 2928 Qui
807 2866 1039 2924 salutari
1066 2867 1218 2923 levat
1245 2877 1364 2922 arte
1393 2865 1570 2923 fessos

1129 2942 1398 3017 Corporis
1425 2954 1599 3016 artus,

656 3023 722 3083 Si
749 3021 1035 3078 Palatinas
1060 3020 1216 3077 videt
1241 3038 1438 3095 aequus
1464 3042 1622 3093 aras3

656 3100 923 3173 Remque
951 3099 1276 3156 Romanam
1304 3100 1644 3177 Latiumque
1672 3101 1811 3159 felix

658 3177 924 3246 Alterum
950 3176 1012 3234 in
1037 3176 1278 3234 lustrum
1306 3180 1619 3255 meliusque
1647 3197 1881 3256 semper

1130 3256 1404 3332 Proroget
1430 3276 1629 3315 aevum.

655 3334 926 3410 Quaeque
953 3331 1303 3392 Aventinum
1333 3346 1491 3392 terret
1518 3335 1930 3412 Algidumque,

654 3414 1015 3478 Quindecim
1039 3414 1227 3471 Diana
1251 3431 1455 3490 preces
1478 3416 1727 3473 virorum

659 3494 858 3566 cluet,
886 3504 950 3554 et?
971 3495 1115 3553 votis
1139 3512 1444 3570 puerorum
1473 3496 1701 3553 amiam:

1134 3574 1406 3650 Applicet
1432 3591 1625 3632 auresr

661 3648 810 3706 Haec
836 3649 1039 3708 Jovem
1066 3654 1277 3709 sentire
1305 3654 1554 3727 deosque
1582 3661 1823 3716 cunctos

661 3726 836 3800 Spem
862 3729 1071 3783 bonam
1098 3740 1427 3803 cmamque
1450 3732 1682 3786 domm
1708 3740 1951 3809 repam,

659 3800 882 3860 Doctus
906 3816 966 3862 et
990 3804 1196 3861 Phoebi
1219 3807 1435 3861 ehoms
1454 3815 1515 3862 et
1538 3806 1749 3866 Diana
1794 3806 1799 3810 ⁴

1131 3875 1347 3939 Dicet-e
1370 3883 1587 3941 laudent

2241 3413 2323 3474 7⁰

2247 3806 2326 3866 ⁷6
