2621 4297
315 322 396 381 ‘u

956 319 1358 369 CARMINUM
1392 320 1523 369 LIB.
1543 320 1639 370 (lv
1671 349 1680 354 -

705 460 799 518 Te
824 460 1114 520 belluosus
1138 464 1236 537 qui
1262 464 1495 521 remotis
1653 499 1662 506 -
1710 497 1718 504 ·

782 540 1077 616 Obstrepit
1102 540 1376 598 Oceanus
1403 541 1740 614 Britannis,-

627 617 720 675 Te
747 636 863 676 non
891 619 1147 694 paventis
1174 621 1376 678 fimeta
1400 620 1603 676 Gauiae

626 696 912 772 Duraeque
939 697 1106 755 tellus
1133 700 1292 755 audit
1320 698 1556 755 Iberiaez

706 775 798 833 Te
826 777 983 833 caede
1010 777 1330 851 gaudentes
1349 776 1633 833 Sicambri

781 854 1126 931 Compositis
1153 866 1495 913 venerantur
1522 854 1713 912 armis.

1114 1165 1283 1223 ODE
1322 1119 1493 1224 XiV.

1035 1302 1297 1343 AUGUSTI
1325 1302 1575 1342 LAUDEs.

621 1401 886 1460 annus
914 1402 1194 1459 volentem
1221 1401 1420 1476 proelia
1445 1420 1538 1458 me
1564 1402 1715 1477 loqui

621 1482 821 1538 Victas
846 1490 904 1536 et
930 1480 1099 1537 urbes
1128 1479 1410 1552 increpuit
1436 1479 1576 1554 lyra,

700 1558 796 1614 Ne
823 1576 995 1633 parva
1022 1557 1390 1631 Tyrrhenum
1418 1576 1519 1630 per
1547 1576 1737 1632 aequor

775 1635 921 1692 Vela
949 1635 1160 1691 darem.
1230 1633 1384 1705 Tua,
1413 1634 1626 1709 Caesar,
1656 1645 1793 1696 aetas

621 1715 844 1789 Fruges
869 1724 928 1770 et
954 1714 1104 1789 agris
1131 1712 1345 1770 rettulit
1371 1713 1594 1787 uberes,

620 1792 697 1849 Et
723 1794 889 1868 signa
913 1804 1106 1849 nostro
1134 1792 1378 1850 restituit
1404 1791 1534 1850 Jovi

698 1870 937 1947 Direpta
963 1871 1299 1946 Parthorum
1328 1872 1585 1946 superbis

776 1950 1059 2020 Postibus,
1088 1962 1147 2007 et
1174 1968 1416 2007 vacuum
1446 1947 1650 2010 duellis

612 2027 828 2089 Janum
855 2028 1341 2101 Quiriniclausit,
1370 2039 1429 2086 et
1451 2030 1710 2088 ordinem

618 2107 872 2166 Rectum
900 2109 1212 2184 etvaganti
1241 2108 1419 2166 fraena
1443 2108 1691 2168 licentiae

695 2187 921 2262 Injecit‚
951 2188 1271 2260 amovitque
1294 2188 1512 2260 culpa,

773 2264 851 2321 Et
877 2274 1093 2320 veteres
1120 2264 1402 2319 revocavit
1428 2274 1596 2336 artes,

615 2342 726 2408 Per
754 2360 895 2416 quas
922 2341 1192 2398 Latinum
1218 2359 1429 2398 nomen
1457 2352 1515 2398 et
1541 2342 1701 2400 Italae
1729 2373 1733 2379 ·

615 2419 863 2478 Crevere
892 2420 1056 2492 vires,
1086 2420 1344 2496 famaque
1365 2432 1423 2478 et
1450 2420 1653 2498 imperi

694 2499 963 2572 Porrecta
988 2499 1252 2557 ma‘estas
1279 2500 1353 2557 ad
1380 2511 1567 2557 ortum

768 2578 920 2637 Solis
947 2579 1019 2635 ab
1108 2580 1330 2654 esperio
1357 2579 1548 2637 cubili.

614 2657 866 2715 Custode
888 2676 1076 2715 rerum
1105 2657 1355 2730 Caesare,
1386 2677 1502 2716 non
1525 2659 1678 2718 filror

614 2736 831 2809 Civilis,
859 2748 959 2797 aut
984 2737 1071 2794 vis
1094 2737 1306 2794 eximet
1332 2737 1545 2807 otium;

634 2820 643 2823 ’
690 2814 828 2873 Non
857 2816 958 2887 ira,
986 2834 1110 2890 quae
1139 2815 1401 2889 procudit
1427 2835 1613 2887 enseS,

768 2893 844 2951 Et
869 2895 1104 2950 miseras
1131 2894 1389 2950 inimicat
1416 2894 1601 2950 urbes.

608 2969 746 3028 Non
774 2972 871 3045 qui
897 2970 1238 3045 profundum
1266 2969 1599 3027 Danubium
1626 2970 1828 3032 hibunt

607 3047 815 3106 Edicta
835 3060 1098 3123 rumpent
1123 3046 1161 3103 J
1167 3048 1298 3120 ulia,
1326 3067 1441 3106 non
1464 3049 1647 3123 Getae,

687 3125 829 3183 Non
859 3127 1046 3198 SereS,
1076 3126 1305 3184 infidive
1335 3127 1543 3200 Persae,

765 3202 901 3262 Non
932 3204 1181 3263 Tanaim
1210 3225 1384 3282 prope
1412 3207 1625 3265 flumen
1650 3208 1777 3269 orti.

607 3280 844 3359 Nosque
871 3295 928 3341 et
953 3284 1211 3359 profestis
1238 3286 1463 3342 lucibus
1489 3297 1548 3343 et
1574 3286 1771 3359 sacris,

608 3361 770 3422 Inter
792 3362 973 3439 jocosi
1001 3380 1238 3421 munera
1266 3364 1478 3436 Liberi,

686 3442 836 3517 Cum
863 3443 1019 3519 prole
1045 3443 1431 3519 matronisque
1459 3443 1685 3516 nostris,

760 3520 909 3583 Rite,
932 3523 1068 3581 deos
1094 3520 1252 3599 prius
1279 3523 1585 3599 apprecati,

603 3597 829 3656 Virtute
857 3600 1098 3674 functos,
1120 3621 1277 3660 more
1303 3614 1546 3679 patrum,
1574 3603 1769 3673 duces,

604 3674 782 3751 Lydis
808 3679 1046 3734 remixto
1072 3681 1328 3736 carmine
1355 3681 1528 3750 tibiis,
1636 3707 1640 3711 v

683 3754 1029 3829 Trojamque
1055 3765 1114 3812 et
1136 3758 1458 3827 Anchisen,
1485 3766 1545 3812 et
1569 3755 1734 3813 almae

762 3830 1103 3913 Progeniem
1128 3833 1378 3898 Veneris
1393 3851 1681 3892 canemus.

2471 0 2621 356 Ὗ

2210 2112 2286 2172 10

2205 2506 2280 2564 15
