2621 4297
838 307 1334 391 EplerLARUM
1369 341 1499 390 Lm.
1536 341 1578 390 1.
1612 344 1690 392 κο.

339 482 503 542 Hinc
531 482 645 541 illae
674 483 956 558 lacrymae.
1044 486 1252 561 Spissis
1281 485 1518 561 indigna
1543 485 1777 543 theatris

342 563 573 638 Scripta
598 563 778 638 pudet
803 563 1060 635 recitare,
1090 575 1149 621 et
1175 564 1344 639 nugis
1372 566 1582 621 addere
1611 565 1854 639 ponduS,

344 643 409 700 Si
437 642 597 699 dixi:
626 646 663 672 ‘⁶
684 641 926 713 Rides‚’'
958 643 1055 714 ait,
1084 647 1121 672 “
1143 654 1202 700 et
1229 643 1388 700 Jovis
1417 644 1650 700 auribus
1682 644 1792 701 ista

344 722 581 778 Servas:
627 719 757 776 fidis
785 721 939 776 enim
971 740 1198 779 manare
1226 723 1455 797 poetica
1483 722 1651 778 mella

343 799 435 856 Te
464 799 672 870 solum,
700 798 804 855 tibi
831 799 1124 874 pulcher.’'
1209 801 1303 856 Ad
1335 802 1459 857 haec
1487 820 1595 876 ego
1623 799 1857 857 naribus
1886 799 1969 857 uti
2035 836 2046 843 =

342 877 649 936 Formido:
692 888 768 945 et,
797 878 1066 935 luctantis
1093 889 1260 936 acuto
1287 898 1361 936 ne
1390 898 1550 936 secer
1580 879 1782 954 ungui,

347 954 685 1032 “Displicet
712 956 818 1012 iste
842 955 1058 1027 locus,”
1090 958 1293 1028 clamo,
1324 969 1381 1014 et
1409 958 1624 1014 diludia
1650 977 1839 1034 posco.

342 1034 542 1092 Ludus
570 1034 728 1091 enim
755 1035 956 1110 genuit
983 1037 1264 1111 trepidum
1293 1048 1585 1093 certamen
1613 1047 1671 1093 et
1697 1037 1858 1108 iram,

343 1113 437 1172 Ira
461 1125 657 1172 truces
682 1113 1014 1171 inimicitias
1042 1125 1099 1170 et
1128 1115 1367 1172 funebre
1396 1116 1627 1178 bellum.

969 1425 1377 1484 EPISTOLA
1419 1427 1564 1489 XX.

969 1564 1050 1603 AD
1091 1565 1323 1605 LIBRUM
1364 1566 1541 1605 SUUM.

344 1667 752 1724 Vnumnmu
779 1663 1122 1743 Janumque,
1151 1665 1315 1737 liber,
1347 1676 1603 1740 spectare
1632 1667 1839 1726 videris
1855 1688 1871 1738 ;

347 1743 585 1803 Scilicet
616 1755 680 1802 ut
705 1753 923 1819 prostes
952 1744 1243 1800 Sosiorum
1270 1745 1502 1819 pumice
1530 1747 1795 1804 mundus.

344 1822 535 1880 Odisti
563 1823 754 1879 claves
781 1833 839 1878 et
865 1833 1025 1897 grata
1052 1822 1237 1897 sigilla
1263 1823 1508 1897 pudico:

345 1901 554 1960 Paucis
580 1901 805 1969 ostendi
834 1902 1035 1976 gemiS‚
1065 1912 1123 1957 et
1149 1902 1481 1958 communia
1507 1901 1724 1974 laudm,

346 1980 482 2038 Non
513 1980 594 2037 ita
621 1979 884 2037 nutritus.
969 1978 1131 2054 Fuge
1159 1977 1272 2053 quo
1303 1980 1655 2037 descendere
1683 1980 1890 2056 gestis:

347 2059 481 2118 Non
511 2058 622 2116 erit
648 2059 856 2115 emisso
886 2058 1101 2114 reditus
1128 2057 1248 2114 tibi.
1334 2062 1368 2088 ‘⁴
1387 2058 1551 2118 Quid
1581 2059 1751 2115 miser
1778 2058 1912 2135 egi?

343 2139 508 2203 Quid
538 2138 689 2195 volui
709 2138 769 2194 'P’
801 2138 980 2208 dices,
1010 2137 1107 2194 ubi
1135 2137 1271 2211 quid
1298 2147 1355 2194 te
1385 2137 1592 2195 laeserit
1621 2157 1635 2208 ;
1708 2148 1769 2196 et
1795 2137 1909 2196 scis

347 2218 418 2276 In
445 2219 616 2276 breve
643 2228 701 2274 te
727 2217 877 2292 cogi,
904 2218 1108 2292 plenus
1135 2235 1309 2291 quum
1339 2217 1573 2292 languet
1599 2230 1830 2275 amator.

344 2296 526 2359 Quod
555 2297 604 2353 si
631 2315 746 2353 non
774 2296 907 2353 odio
936 2297 1228 2371 peccantis
1257 2296 1462 2371 desipit
1489 2315 1689 2373 augur,

347 2377 532 2433 Carus
559 2374 671 2432 eris
699 2375 924 2446 Romae,
955 2376 1138 2431 donec
1165 2387 1221 2431 te
1250 2375 1474 2431 deserat
1502 2387 1653 2433 aetaS.

348 2456 749 2513 Contrectatus
775 2453 873 2509 ubi
902 2454 1165 2510 manibus
1193 2453 1519 2509 sordescere
1547 2456 1700 2530 vulgi

345 2534 625 2610 Coeperis,
654 2544 753 2590 aut
778 2533 960 2589 tineas
987 2551 1188 2608 pasces
1214 2532 1533 2589 taciturnus
1562 2533 1790 2605 inertes,

348 2613 472 2670 Aut
499 2613 687 2687 fugies
717 2612 971 2683 Uticam,
1002 2623 1099 2668 aut
1126 2612 1353 2672 vinctus
1380 2612 1617 2667 mitteris
1647 2611 1911 2669 Ilerdam.

345 2691 589 2749 Ridebit
614 2690 855 2748 monitor
886 2709 1001 2748 non
1029 2691 1329 2747 exauditus
1352 2709 1366 2758 ;
1413 2702 1473 2746 ut
1499 2690 1593 2746 ille

344 2770 472 2832 Qui
500 2768 651 2826 male
679 2781 970 2845 parentem
1002 2770 1061 2826 in
1089 2789 1258 2844 rupes
1287 2769 1555 2844 protrusit
1582 2769 1817 2826 asellum

348 2848 570 2906 Iratus:
612 2849 738 2923 quis
766 2848 921 2905 enim
949 2849 1187 2905 invitum
1218 2867 1441 2905 servare
1470 2849 1725 2905 laboret?

348 2927 480 2985 Hoc
506 2946 728 3003 quoque
757 2939 811 2985 te
839 2939 1053 3000 manet,
1083 2938 1145 2983 ut
1170 2946 1376 3002 pueros
1403 2928 1685 2984 elementa
1712 2929 2014 2987 docentem

347 3006 616 3082 Occupet
642 3007 908 3063 extremis
935 3007 993 3062 in
1025 3006 1164 3062 vicis
1192 3007 1358 3063 balba
1385 3019 1667 3064 senectus

345 3085 552 3147 Quum
579 3085 681 3141 tibi
710 3086 791 3142 sol
820 3085 1045 3160 tepidus
1073 3085 1262 3160 plures
1290 3086 1600 3143 admoverit
1627 3105 1812 3160 aures,

350 3162 451 3221 Me
477 3164 743 3221 libertino
771 3174 968 3220 natum
995 3174 1173 3239 patre,
1202 3175 1260 3220 et
1288 3164 1347 3220 in
1376 3166 1536 3221 tenui
1563 3184 1625 3222 re

349 3241 597 3317 Majores
623 3262 842 3318 pennas
869 3242 1006 3298 nido
1034 3242 1377 3313 extendisse,
1406 3243 1685 3318 loqueris3

348 3320 447 3392 Ut,
474 3331 748 3396 quantum
776 3320 972 3397 generi
1001 3321 1214 3392 demaS,
1245 3321 1545 3378 virtutibus
1573 3323 1781 3379 addas:

349 3398 452 3457 Me
479 3400 678 3475 primis
705 3399 875 3457 Urbis
905 3400 1036 3456 belli
1064 3400 1348 3475 placuisse
1378 3402 1664 3473 domique,

348 3478 617 3554 Corporis
644 3479 855 3554 exigui,
884 3497 1230 3554 praecanam,
1260 3478 1472 3551 solibus
1500 3487 1713 3552 aptum,

348 3555 530 3615 Irasci
558 3556 823 3630 celerem,
851 3569 1043 3615 tamen
1072 3567 1136 3612 ut
1160 3555 1456 3631 placabilis
1484 3572 1687 3610 essem.

348 3633 525 3696 Forte
554 3654 747 3693 meum
775 3636 824 3693 si
851 3636 979 3711 quis
1006 3647 1063 3691 te
1090 3633 1517 3710 percontabitur
1545 3651 1748 3706 aevum,

347 3713 452 3773 Me
479 3725 678 3790 quater
706 3716 966 3772 undenos
993 3714 1138 3771 sciat
1164 3712 1482 3787 implevisse
1511 3707 1884 3785 Decembres,

349 3791 651 3871 Collegam
677 3792 960 3870 Lepidum
986 3811 1100 3868 quo
1125 3791 1289 3850 duxit
1315 3789 1532 3849 Lollius
1558 3809 1728 3851 anno.

2140 344 2252 403 1oe

2181 2377 2253 2435 10

2181 2772 2252 2830 15
