2621 4297
895 307 1309 358 SATlnARUM
1343 308 1477 358 ΜΒ.
1511 307 1583 357 11.
1617 309 1666 358 8.
2150 310 2264 390 ω

355 451 578 511 Verum
602 450 682 510 ob
707 450 1007 516 consilium
1036 451 1255 510 donent
1278 452 1541 511 tonsore!
1609 450 1732 510 Sed
1759 450 1916 510 unde

355 530 510 589 Tam
538 532 688 588 bene
714 548 808 588 me
834 529 1027 624 nosti?

1094 677 1447 713 inuasurus.

1225 763 1534 839 Postquam
1560 764 1750 823 omnis
1774 782 1867 823 res
1891 783 2023 825 mea
2047 764 2086 823 J
2089 784 2264 826 anum

359 844 456 901 Ad
483 841 739 900 medium
766 841 946 899 stacta
970 851 1076 913 est,
1105 842 1293 900 aliena
1314 843 1545 917 negotia
1570 862 1729 916 curo,

358 922 650 979 Excussus
674 920 930 997 propriis.
1000 919 1157 978 Olim
1188 940 1322 979 nam
1349 940 1604 997 quaerere
1630 922 1893 983 amabam
2182 923 2265 984 ω

353 1001 495 1063 Quo
523 1000 674 1057 vafer
700 1000 795 1058 ine
820 1000 997 1075 pedes
1021 999 1247 1058 lavisset
1274 1000 1552 1076 Sisyphus
1577 1020 1710 1074 aere,

350 1079 520 1142 Quid
549 1079 834 1155 sculptum
863 1076 1105 1150 infabre,
1132 1079 1268 1155 quid
1300 1079 1491 1136 susum
1517 1078 1718 1138 durius
1738 1091 1927 1152 essen

360 1159 621 1216 Callidus
648 1159 784 1216 huic
804 1160 970 1234 signo
994 1158 1277 1233 ponebam
1304 1158 1483 1215 millia
1508 1170 1742 1216 centum
1767 1178 1783 1228 ;

357 1237 571 1296 Hortos
597 1238 968 1313 egregiasque
995 1237 1194 1294 domos
1222 1235 1528 1293 mercarier
1556 1255 1707 1294 unus

356 1317 511 1375 Cum
536 1318 697 1375 lucro
716 1314 953 1375 noram:
997 1316 1151 1373 unde
1180 1314 1498 1390 frequentia
1522 1313 1871 1374 Mercuriale
2184 1317 2266 1377 25

246 1459 261 1469 ,
360 1394 696 1474 Imposuere
718 1396 865 1454 mihi
892 1403 1215 1473 cognomen
1244 1393 1513 1471 compita.

1124 1542 1417 1578 nonanus.

358 1708 438 1769 Et
459 1708 645 1768 morbi
669 1709 843 1768 miror
867 1718 1171 1787 purgatum
1196 1719 1255 1767 te
1282 1708 1452 1768 illius.
1619 1629 1773 1691 Non
1788 1675 1805 1691 ο

1000 1907 1005 1916 .
1092 1856 1446 1892 nnusu’rus.

357 2019 584 2082 Emovit
609 2033 859 2081 veterem
886 2019 1031 2079 mire
1059 2040 1260 2094 novus,
1287 2033 1353 2081 ut
1378 2023 1540 2095 solet,
1570 1946 1789 2082 itiActiii·u

358 2101 631 2179 Trajecto
659 2101 855 2160 lateris
880 2100 1070 2159 miseri
1100 2101 1413 2178 capitisque
1440 2102 1670 2161 dolore:

358 2181 436 2241 Ut
460 2182 810 2259 lethargicus
836 2181 952 2252 hic,
980 2200 1155 2257 quum
1182 2181 1247 2241 fit
1270 2181 1450 2259 pugil,
1477 2193 1538 2241 et
1556 2181 1848 2242 medicum
1874 2194 2054 2265 urget.
2181 2184 2268 2245 ω

1121 2329 1413 2364 nonarum.

297 2370 305 2379 δ
356 2414 514 2475 Dum
540 2435 616 2474 ne
636 2414 775 2491 quid
801 2415 986 2474 simile
1012 2416 1169 2488 huic,
1196 2427 1321 2473 esto
1347 2428 1411 2475 ut
1435 2417 1591 2478 libet.

1092 2562 1446 2603 hausurus.

1622 2652 1681 2710 Ο
1707 2652 1877 2726 bone,
1905 2672 1981 2713 ne
2003 2666 2068 2717 ne

356 2729 686 2799 Frustrere;
729 2730 947 2788 insanis
973 2741 1031 2787 et
1055 2741 1139 2802 tu,
1167 2729 1435 2806 stultique
1500 2729 1637 2807 rope
1664 2750 1886 2807 omnes,

357 2810 422 2867 Si
446 2812 584 2886 quid
617 2810 923 2867 Stertinius
952 2808 1068 2865 veri
1096 2821 1329 2884 crepat3
1359 2749 1513 2867 unde
1533 2829 1643 2887 ego
1669 2811 1815 2869 mira

355 2887 647 2965 Descripsi
676 2888 878 2945 docilis
904 2899 1189 2964 proecepta
1215 2889 1361 2960 haec,
1389 2901 1644 2965 tempore
1669 2908 1785 2966 quo
1809 2908 1905 2951 me

357 2968 584 3026 Solatus
606 2968 774 3044 jussit
801 2968 1117 3042 sapientem
1144 2986 1378 3042 pascere
1407 2968 1658 3041 barbam,
2175 2974 2261 3039 83

354 3049 548 3122 Atque
576 3068 609 3105 e
641 3046 905 3103 Fabricio
934 3065 1049 3104 non
1078 3046 1295 3104 tristem
1323 3059 1495 3122 ponte
1524 3049 1744 3107 reverti.
2147 3057 2152 3061 ’

354 3125 511 3184 Nam
541 3123 690 3183 male
720 3144 781 3182 re
807 3126 971 3200 gesta
997 3143 1172 3198 quum
1202 3124 1404 3182 vellem
1434 3127 1655 3185 mittere
1681 3139 1880 3204 operto

355 3203 457 3262 Me
483 3206 669 3281 capite
697 3206 756 3261 in
786 3202 1019 3272 flumen,
1047 3204 1244 3261 dexter
1271 3205 1461 3262 stetit:
1504 3218 1581 3279 et,
1624 3208 1840 3266 “Cave
1868 3208 2011 3269 fluis

354 3283 457 3341 Te
473 3284 780 3373 quidquam
804 3283 1145 3359 indignum3
1188 3283 1426 3358 pudorss'
1457 3284 1705 3361 inquit‚‘
1712 3291 1804 3345 ‘te
1844 3286 2029 3349 malus
2054 3294 2262 3422 w,

355 3362 599 3421 Insanos
624 3363 720 3438 qui
748 3361 893 3420 inter
922 3381 1148 3420 vereare
1178 3362 1414 3420 insanus
1441 3363 1653 3421 haberi.

354 3439 614 3501 Primum
643 3460 774 3499 nam
798 3441 1077 3516 inquiram
1105 3441 1242 3515 quid
1270 3441 1345 3497 sit
1371 3442 1593 3497 furere:
1637 3440 1747 3495 hoc
1772 3438 1821 3495 si
1849 3438 1959 3497 erit
1983 3437 2046 3501 in
2067 3450 2129 3506 ιο

355 3522 513 3593 Solo,
542 3520 621 3578 nil
654 3521 828 3591 verbi,
855 3538 1057 3595 pereas
1082 3519 1221 3592 quin
1250 3518 1485 3588 fortiter,
1515 3516 1737 3573 addam.

352 3567 554 3664 Queiu
583 3600 733 3659 mala
758 3597 997 3657 stultitia
1022 3607 1083 3653 et
1107 3612 1507 3671 quemcunque
1530 3593 1757 3655 inscitia
1785 3595 1902 3653 veri

354 3678 596 3738 Caecum
623 3678 762 3755 agit,
791 3678 1057 3735 insanum
1085 3673 1392 3749 Chrysippi
1420 3673 1669 3750 porticus
1695 3685 1753 3732 et
1777 3693 1918 3750 grex

354 3758 654 3819 Autumat.
725 3757 871 3813 Haec
898 3754 1153 3831 populos,
1182 3753 1307 3810 haeo
1336 3772 1572 3830 magnos
1599 3752 1839 3813 formula
1861 3772 2045 3835 regn,
2161 3756 2258 3815 ‚45

224 3922 233 3930 .
330 3835 1112 3915 ..Ειαερωίψθιίθμιθιιαι
1172 3831 1361 3897 ,Nune
1383 3833 1586 3911 accipe
1612 3849 1788 3911 quare

918 3915 983 3971 11
