2621 4297
347 304 469 380 m
1003 317 1066 375 Q
1101 315 1396 366 nomn1
1429 314 1677 365 rucei

431 462 532 521 An
558 472 624 520 tu
649 460 791 520 reris
814 478 949 519 eum
973 459 1169 518 occisa
1194 456 1478 516 insanisse
1502 468 1737 534 parente
1752 458 1779 514 'l

431 541 524 598 Ac
552 559 667 599 non
694 537 827 598 ante
857 539 1023 597 malis
1049 539 1374 595 dementem
1401 548 1592 593 actum
1621 535 1831 609 Furiis,
1856 533 2031 613 quim
2214 536 2333 596 l&

428 618 500 678 In
528 620 724 677 matris
744 618 943 695 jugulo
971 618 1178 675 ferrum
1206 616 1476 691 tepefecit
1502 616 1776 672 acutum?

423 696 610 769 Quin,
638 718 709 756 ex
735 716 848 772 quo
873 709 960 754 est
987 696 1214 753 habitus
1241 692 1390 752 male
1420 706 1556 752 tutoe
1582 694 1791 751 mentis
1816 692 2072 766 Orestes,

428 776 527 835 Nil
556 775 696 835 sane
727 777 859 834 fecit
887 777 1039 851 quod
1068 787 1129 832 tu
1157 772 1501 849 reprendere
1527 772 1743 849 possis:
2124 786 2165 805 ³

427 854 561 912 Non
591 856 843 932 Pyladen
873 855 1019 912 ferro
1046 854 1252 910 violare
1280 871 1520 909 aususve
1548 870 1795 909 sororem

415 922 744 992 fflectram:
785 932 1010 991 tantum
1038 932 1327 990 maledicit
1353 932 1595 1006 utrique,
1624 931 1878 988 vocando
2218 930 2328 990 140

428 1013 601 1071 Hanc
628 1013 878 1083 Furiam,
908 1015 1062 1069 hunc
1089 1012 1264 1082 aliud,
1286 1011 1456 1086 jussit
1481 1010 1630 1085 quod
1659 1010 1955 1085 splendida
1980 1008 2130 1068 bilis.

427 1091 649 1168 Pauper
675 1091 941 1168 Opimius
968 1091 1186 1167 argenti
1213 1091 1382 1166 positi
1410 1090 1563 1146 intus
1589 1100 1648 1145 et
1673 1089 1815 1161 auri,
2016 1088 2021 1093 ’

422 1160 551 1233 Qui
578 1172 961 1229 Veientanum
991 1171 1149 1227 festis
1175 1181 1369 1244 potare
1397 1169 1599 1226 diebus

426 1249 727 1325 Campana
756 1250 952 1308 solitus
978 1249 1166 1320 trulla,
1196 1266 1544 1324 vappamque
1569 1246 1849 1321 profestis,

424 1326 741 1390 Quondam
771 1329 1027 1403 lethargo
1052 1328 1254 1403 grandi
1282 1337 1369 1383 est
1394 1343 1714 1402 oppressae,
1742 1336 1805 1382 ut
1831 1326 2013 1382 haeres
2217 1326 2328 1383 145

429 1406 563 1465 Jam
590 1408 808 1464 circum
837 1407 1052 1464 loculos
1079 1418 1137 1462 et
1164 1407 1352 1463 claves
1378 1406 1541 1461 laetus
1566 1423 1853 1478 ovansque

425 1484 728 1543 Curi-eret:
772 1487 926 1542 hunc
954 1484 1210 1542 medicus
1237 1481 1477 1541 multum
1507 1483 1658 1539 celer
1687 1494 1856 1557 atque
1882 1482 2065 1540 fidelis

327 1564 344 1577 “
425 1558 661 1620 Excitat
689 1565 796 1621 hoc
824 1573 1022 1638 pacto:
1065 1581 1321 1618 mensam
1349 1562 1483 1638 poni
1509 1561 1689 1636 jubet,
1720 1573 1890 1636 atque

427 1641 659 1698 Effundi
688 1660 886 1698 saccos
912 1659 1273 1698 nummorum
1298 1661 1312 1708 ;
1356 1641 1634 1697 accedere
1660 1640 1854 1715 plures

427 1721 520 1778 Ad
551 1720 1000 1778 numerandum:
1045 1720 1334 1777 hominem
1363 1719 1447 1776 sic
1475 1718 1656 1793 erigit:
1726 1719 1908 1777 Addit
1933 1730 1992 1777 et
2018 1718 2195 1777 illud:
2216 1719 2328 1777 15⁰

427 1802 444 1830 ‘
461 1797 545 1856 Ni
571 1810 671 1857 tua
699 1799 968 1869 custodis,
996 1799 1196 1856 avidus
1217 1797 1336 1874 jam
1367 1799 1490 1855 haec
1519 1796 1736 1854 auferet
1764 1799 1981 1855 haeres?

426 1880 446 1909 ‘
470 1876 629 1935 Men’
661 1878 785 1935 vivo
801 1879 841 1934 ’ξ’
886 1883 900 1908 ‘
921 1878 999 1936 Ut
1025 1879 1179 1934 vivas
1204 1877 1396 1954 igitur,
1427 1876 1626 1953 vigila:
1670 1877 1779 1933 hoc
1806 1894 1926 1952 age.

585 1961 601 1987 ‘
617 1954 780 2019 Quid
809 1956 892 2014 vis
907 1958 947 2014 ‘l’

426 2038 443 2067 ‘
466 2033 755 2093 Deficient
781 2036 1009 2111 inopem
1037 2053 1196 2092 venae
1223 2045 1301 2103 te,
1330 2034 1391 2091 ni
1419 2033 1582 2090 cibus
1609 2044 1776 2109 atque

426 2112 643 2191 Ingens
669 2115 907 2173 accedat
932 2115 1225 2173 stomacho
1256 2113 1464 2171 firltura
1492 2113 1697 2171 ruenti.

423 2192 525 2249 Tu
545 2195 773 2251 cessas‘l
814 2195 1078 2268 agedum,
1108 2211 1271 2249 sume
1294 2193 1405 2248 hoc
1430 2192 1799 2267 ptisanarium
1820 2193 2047 2265 oryzoe.'
2214 2193 2326 2251 155

425 2273 442 2302 ‘
462 2270 687 2405 Quanlgi
713 2283 916 2346 emptae
928 2272 969 2327 ‘l'
1013 2276 1029 2300 ‘
1049 2270 1264 2328 Parvo?
1309 2275 1325 2300 ‘
1344 2270 1567 2331 Quanti
1594 2289 1731 2346 ergo
1745 2271 1786 2327 ‘l'
1831 2270 2244 2342 ‘Octuesibusl

584 2354 600 2379 ‘
675 2350 786 2404 heu
808 2350 821 2405 1

420 2425 586 2489 Quid
613 2427 782 2485 refert
809 2427 1008 2486 morbo
1033 2446 1107 2485 an
1137 2427 1298 2485 furtis
1324 2446 1624 2504 per-eamve
1650 2426 1864 2504 rapinis
1878 2429 1920 2485 ‘l'
1945 2427 1980 2455 ''

425 2504 775 2568 “Quisnam
819 2507 992 2583 igitur
1038 2526 1213 2564 sanus
1232 2508 1292 2564 ‘l'’
1377 2511 1414 2538 ‘⁴
1437 2507 1562 2569 Qui
1598 2526 1715 2564 non
1753 2508 2011 2566 stultus.”
2094 2511 2134 2539 “
2158 2506 2325 2570 Quid

584 2588 861 2644 avarus'ffi

423 2668 463 2738 ξ’
491 2664 712 2723 Stultus
737 2676 797 2723 et
822 2663 1112 2724 insanus.’'
1197 2670 1233 2696 “
1255 2665 1463 2726 Quid?
1503 2666 1550 2723 si
1577 2665 1703 2740 quis
1729 2683 1847 2722 non
1873 2664 1946 2722 sit
1972 2684 2190 2724 avarus.

415 2742 720 2802 'Continuo
765 2764 939 2803 sanus
951 2746 1012 2802 ‘l'’
1097 2749 1133 2775 “
1154 2742 1456 2802 Minime.''
1557 2749 1592 2775 “
1616 2744 1756 2816 Cur,
1806 2744 2002 2801 Stoice
2018 2747 2079 2802 'l''
2164 2749 2201 2776 “
2226 2743 2324 2802 Di-

582 2841 727 2879 cam.
2212 2824 2324 2881 160

425 2903 441 2931 ‘
459 2898 596 2957 Non
624 2912 710 2957 est
736 2902 1071 2971 cardiacuS,'
1103 2902 1404 2958 Craterum
1434 2901 1642 2958 dixisse
1670 2912 1885 2978 putat0,

424 2982 441 3010 ‘
462 2978 579 3035 Hic
608 2983 793 3054 aeger)
866 2985 880 3010 ‘
902 2979 1091 3036 Recte
1120 2990 1207 3036 est
1235 2980 1427 3054 igitur,
1456 2992 1759 3056 surgetque
1775 2982 1815 3038 'l'
1901 2979 1962 3036 N
1964 2981 2177 3058 egabit,

420 3054 603 3117 Quod
633 3057 779 3114 latus
801 3070 899 3115 aut
924 3077 1091 3115 renes
1118 3059 1317 3115 morbo
1341 3069 1633 3116 tententur
1660 3069 1845 3116 acut0.

415 3131 561 3192 Non
588 3147 674 3192 est
701 3137 978 3211 perjuruS,
1007 3156 1191 3211 neque
1220 3138 1512 3207 sordidus3
1554 3139 1808 3196 immolet
1835 3139 2012 3213 aequis

424 3214 541 3272 Hic
568 3233 801 3291 porcum
833 3215 1106 3272 Laribus:
1150 3215 1343 3274 verum
1375 3217 1705 3274 ambitiosus
1731 3227 1790 3274 et
1816 3219 2038 3287 audax3
2206 3217 2321 3276 165

421 3292 672 3370 Naviget
700 3295 1067 3370 Anticyram:
1108 3295 1245 3369 quid
1275 3296 1430 3351 enim
1459 3296 1667 3367 differt,
1698 3297 2039 3354 barathrone

422 3372 621 3431 Dones
645 3374 916 3449 quidquid
948 3374 1141 3445 habeS‚
1171 3393 1244 3430 an
1273 3393 1564 3449 nunquam
1593 3387 1752 3432 utare
1778 3376 2031 3451 paratis?

422 3452 655 3510 Servius
681 3453 967 3529 Oppidius
993 3453 1212 3511 Canusi
1241 3454 1356 3510 duo
1382 3455 1614 3529 paedia,
1645 3455 1802 3512 dives

421 3531 678 3606 Antiquo
705 3550 903 3604 censu,
932 3534 1119 3608 gnatis
1146 3533 1357 3590 divisse
1385 3534 1608 3590 duobus

422 3606 650 3680 Fertur,
677 3619 736 3665 et
764 3610 888 3666 haec
916 3613 1172 3668 moriens.
1190 3612 1382 3686 pueris
1410 3612 1619 3668 dixisse
1647 3613 1860 3669 vocatis
2210 3612 2321 3671 170

423 3684 520 3737 Ad
547 3684 792 3743 lectum:
835 3693 851 3720 ‘
876 3687 1178 3760 Postquam
1209 3702 1265 3745 te
1292 3690 1454 3759 talos,
1485 3690 1656 3761 Aule,
1685 3708 1978 3765 nucesque

422 3756 597 3814 Ferre
624 3762 753 3817 sinu
780 3763 926 3833 laxo,
955 3765 1166 3821 donare
1194 3779 1252 3824 et
1278 3767 1475 3823 ludere
1504 3767 1617 3823 vidi
1641 3787 1655 3835 ;

417 3833 533 3904 Te,
562 3834 782 3909 Tiberi,
810 3858 1132 3912 numerare,
1154 3845 1307 3899 cavis
1335 3844 1687 3902 abscondere
1713 3847 1964 3917 tristem3
