2621 4297
326 322 442 385 ιω
977 320 1039 376 o„
1075 316 1371 369 nolu-1¹11
1403 317 1654 369 ruem

1049 516 1459 597 Fffllsfom
1487 538 1567 597 x.

961 676 1043 715 An
1070 676 1307 716 Fuscum
1333 676 1644 717 Amsnmu.

396 778 588 838 Unms
616 787 923 836 amatorem
950 776 1208 834 Fuscum
1236 777 1453 833 salvere
1474 775 1744 851 jubemus

396 858 578 932 Ruris
604 868 920 926 amatores;
964 857 1077 914 hac
1105 856 1165 913 in
1193 875 1255 912 re
1285 855 1508 912 scilicet
1534 857 1653 914 un&

396 933 646 994 Multum
672 935 993 1006 dissimiles,
1021 936 1093 992 ad
1121 945 1331 991 caetera
1355 931 1505 1009 pene
1534 933 1779 1009 gemelli.

394 1015 686 1073 Fraternis
712 1014 937 1086 animis,
963 1014 1235 1090 quidquid
1264 1024 1437 1088 negat
1463 1013 1623 1084 alter,
1646 1024 1705 1070 et
1724 1013 1897 1071 alter:

395 1095 725 1153 Annuimus
752 1095 980 1169 pariter,
1009 1093 1181 1150 vetuli
1209 1093 1440 1168 notique
1468 1092 1749 1162 columbi;

394 1172 494 1231 Tu
521 1174 720 1232 nidum
749 1192 956 1244 servas,
982 1191 1092 1249 ego
1117 1172 1288 1229 laudo
1316 1173 1461 1228 ruris
1488 1170 1699 1227 amoeni

394 1252 595 1324 Rivos,
621 1262 681 1309 et
708 1270 907 1309 musco
933 1251 1254 1309 circumlita
1272 1270 1435 1327 saxa,
1465 1268 1794 1324 nemusque.

316 1347 329 1361 ⁶
391 1331 556 1393 Quid
582 1331 832 1406 qujeris'l
874 1331 1018 1401 vivo,
1044 1340 1104 1387 et
1129 1348 1326 1405 regno,
1354 1329 1521 1386 simul
1550 1330 1657 1385 ista
1683 1328 1883 1404 reliqui

391 1410 545 1472 Quae
574 1429 672 1466 vos
698 1409 775 1465 ad
798 1409 1004 1465 coelum
1035 1407 1246 1464 effertis
1272 1427 1500 1465 rumore
1528 1409 1813 1465 secundo:

392 1487 579 1563 thue
607 1487 916 1544 sacerdotis
943 1486 1228 1561 fugitivus,
1255 1486 1370 1542 liba
1397 1504 1631 1555 recuso;

392 1566 549 1624 Pane
575 1584 737 1641 egeo,
759 1565 879 1641 jam
905 1564 1130 1621 mellitis
1157 1563 1374 1639 potiore
1399 1564 1695 1639 placentis.

469 1644 677 1701 Vivere
704 1654 923 1701 naturae
951 1643 999 1699 si
1027 1643 1431 1700 convenienter
1456 1654 1697 1718 oportet,
1726 1673 1732 1684 ·

394 1722 792 1798 Ponendaeque
819 1724 989 1780 domo
1014 1723 1323 1797 quaerenda
1348 1733 1435 1780 est
1462 1741 1593 1779 area
1619 1718 1867 1798 primum
1890 1743 1904 1792 3

392 1801 690 1871 Novistine
717 1803 907 1860 locum
933 1802 1207 1877 potiorem
1234 1821 1366 1859 rure
1393 1802 1604 1860 beato'l

391 1880 498 1940 Est
523 1881 623 1939 ubi
648 1879 778 1957 plns
802 1892 1034 1958 tepeant
1060 1882 1321 1938 hiemes'l
1362 1882 1459 1938 ubi
1486 1881 1695 1958 gratior
1722 1900 1863 1939 aura

391 1960 600 2019 Leniat
623 1972 684 2019 et
711 1961 927 2022 rabiem
955 1961 1157 2033 CaniS,
1179 1970 1238 2019 et
1263 1971 1551 2018 momenta
1579 1960 1812 2030 Leonis,

389 2041 592 2103 Quum
621 2041 797 2098 semel
825 2042 1049 2117 accepit
1075 2040 1250 2098 solem
1278 2040 1617 2097 furibundus
1643 2039 1921 2098 acutum?

391 2118 497 2178 Est
522 2120 620 2179 ubi
647 2121 873 2179 divellat
898 2140 1126 2180 somnos
1152 2117 1345 2179 minus
1371 2119 1562 2178 invida
1588 2120 1772 2177 cura'l

391 2198 662 2258 Deterius
688 2201 919 2276 Libycis
937 2201 1053 2258 olet
1072 2211 1179 2256 aut
1203 2199 1349 2256 nitet
1375 2199 1551 2255 herba
1576 2198 1826 2274 lapillis'l

391 2277 593 2335 Purior
620 2278 681 2334 in
710 2278 848 2334 vicis
875 2297 1019 2354 aqua
1038 2278 1222 2334 tendit
1247 2293 1510 2352 rumpere
1536 2277 1853 2352 plumbum,

388 2352 588 2418 Quam
615 2373 741 2431 quae
767 2375 868 2431 per
893 2374 1133 2432 pronum
1162 2355 1406 2432 trepidat
1424 2374 1558 2413 cum
1586 2374 1876 2414 murmure
1903 2356 2127 2415 rivum?

390 2432 616 2510 Nempe
645 2433 791 2491 inter
817 2433 1001 2492 varias
1029 2435 1273 2492 nutritur
1300 2436 1442 2494 silva
1467 2435 1783 2508 columnae,

389 2512 790 2589 Laudaturque
818 2514 1021 2570 domus
1040 2514 1239 2590 longos
1264 2533 1391 2590 quae
1418 2515 1688 2591 prospicit
1708 2534 1888 2591 agros.

390 2591 670 2650 Naturam
692 2591 941 2669 expelles
967 2593 1149 2664 furca,
1176 2603 1369 2650 tamen
1397 2612 1574 2669 usque
1601 2604 1873 2666 recurret,

388 2670 465 2729 Et
490 2671 639 2729 mala
664 2683 989 2748 perrumpet
1015 2671 1205 2729 furtim
1235 2671 1458 2728 fastidia
1486 2673 1701 2730 victrix.

467 2748 627 2822 Non,
653 2751 750 2826 qui
779 2750 1017 2809 Sidonio
1043 2752 1389 2809 contendere
1415 2751 1657 2808 callidus
1681 2763 1834 2810 ostro

387 2827 593 2886 Nescit
619 2829 964 2904 Aquinatem
990 2831 1242 2905 potantia
1267 2830 1474 2887 vellera
1501 2830 1714 2901 fucum,

386 2906 615 2964 Certius
636 2908 879 2983 accipiet
904 2909 1174 2964 damnum
1195 2908 1499 2983 propiusve
1526 2908 1808 2982 medullis,

383 2983 585 3048 Quam
612 2987 709 3061 qui
737 3005 853 3043 non
878 2987 1082 3061 poterit
1109 3005 1240 3043 vero
1260 2986 1610 3061 distinguere
1639 2987 1859 3045 falsum.

382 3063 580 3125 Quem
607 3084 699 3122 res
724 3062 854 3140 plus
878 3063 1056 3121 nimio
1078 3063 1439 3123 delectavere
1461 3067 1748 3139 secundae,

384 3142 623 3200 Mutatae
649 3143 923 3219 quatient.
1006 3144 1069 3202 Si
1094 3143 1231 3219 quid
1260 3145 1557 3218 mirabere,
1587 3165 1766 3222 pones

319 3243 325 3251 ·
384 3220 620 3279 Invitus.
703 3221 868 3298 Fuge
896 3241 1130 3298 magna3
1173 3224 1312 3281 licet*
1331 3226 1436 3282 sub
1461 3244 1707 3301 paupere
1734 3235 1886 3283 tecto

282 3326 289 3336 ·
383 3301 583 3438 Reges
609 3312 668 3359 et
693 3320 893 3379 regum
920 3302 1035 3359 vita
1060 3321 1404 3378 praecurrere
1432 3303 1661 3361 amicos.
1755 3372 1762 3381 ,

514 3400 689 3438 ervus
706 3384 915 3457 equum
943 3381 1138 3458 pugna
1166 3382 1362 3439 melior
1389 3383 1786 3441 communibus
1813 3382 2003 3441 herbis

382 3460 657 3533 Pellebat,
685 3462 870 3519 donee
896 3461 1079 3519 minor
1108 3461 1167 3518 in
1194 3463 1506 3519 certamine
1527 3462 1698 3537 longo

380 3536 868 3616 Imploravit·opes
895 3541 1161 3612 hominiS,
1190 3540 1538 3616 fraenumque
1566 3540 1782 3616 recepit
1805 3560 1818 3596 ε

381 3615 521 3687 Sed,
546 3629 843 3693 postquam
870 3619 1047 3676 victor
1075 3619 1289 3676 violens
1316 3621 1576 3677 discessit
1602 3620 1674 3676 ab
1701 3620 1883 3691 hoste,

383 3690 520 3749 Non
546 3696 794 3768 equitem
821 3696 1007 3768 dorso,
1033 3715 1150 3753 non
1179 3697 1417 3754 stoenum
1445 3697 1663 3773 depulit
1687 3716 1803 3755 ore.

383 3767 484 3824 Sic
509 3772 626 3842 qui,
653 3773 980 3849 pauperiem
1008 3773 1239 3845 veritus,
1264 3776 1480 3850 potiore
1507 3774 1751 3832 metallis
1911 3807 1922 3817 ·

381 3842 669 3904 Libertate
696 3860 870 3923 caret,
897 3849 1196 3909 dominum
1223 3853 1391 3910 vehet
1416 3851 1724 3927 improbus,
1752 3863 1923 3930 atque

2222 1479 2292 1546 10

2215 1882 2289 1940 15

2205 2277 2289 2336 w
