2621 4297
865 293 1262 344 CARMINUM
1297 294 1427 344 LIB.
1463 295 1563 346 111.

616 435 928 511 Ridetque,
951 438 999 493 si
1028 438 1289 495 mortalis·
1304 438 1456 495 ultra

694 515 809 572 Fas
834 516 1091 590 trepidat.
1160 515 1343 576 Quod
1371 518 1552 588 adest,
1580 525 1867 576 memento

542 594 900 671 Componere
928 612 1155 668 zequus:
1198 606 1408 651 caetera
1436 594 1687 652 fluminis

541 674 684 733 Ritu
714 673 991 743 feruntur,
1019 691 1177 728 nuno
1204 674 1395 730 medio
1421 674 1581 730 alveo

620 750 773 808 Cum
801 769 946 826 paoe
973 751 1288 808 delabentis
1318 752 1627 809 Etruscum

696 829 768 886 In
797 849 971 900 mare,
1001 849 1156 886 nuno
1183 831 1403 906 lapides
1430 831 1633 888 adesos

522 909 871 984 stirpesque
898 919 1086 983 raptas
1111 919 1168 965 et
1195 928 1372 984 pecus
1398 919 1457 966 et
1482 910 1681 967 domos

541 987 837 1045 Volventis
865 987 999 1057 una,
1028 1006 1143 1044 non
1172 989 1296 1045 sine
1325 988 1605 1047 montium

618 1064 882 1123 Clamore
910 1066 1223 1141 vicinoeque
1252 1067 1426 1139 silvoe,

700 1143 905 1205 Quum
935 1144 1053 1201 fera
1079 1146 1322 1201 diluvies
1348 1146 1568 1219 quietos

546 1223 733 1281 Irritat
761 1241 978 1280 amnes
1061 1222 1171 1279 Ille
1198 1233 1401 1299 potens
1428 1224 1517 1280 sui

543 1302 848 1376 Laetusque
876 1301 1066 1375 deget,
1084 1301 1193 1357 eui
1220 1302 1358 1358 licet
1384 1302 1445 1358 in
1472 1301 1627 1359 diem

618 1381 867 1451 Dixisse,
899 1383 934 1409 “
953 1379 1089 1437 Vixi
1109 1381 1142 1406 '’
1165 1399 1178 1437 ε
1221 1399 1349 1437 oras
1376 1380 1463 1437 vel
1486 1380 1609 1438 atr&

700 1457 875 1516 Nube
902 1456 1094 1533 polum
1122 1459 1290 1516 Pater
1318 1470 1623 1535 occupato,

549 1538 651 1596 Vel
680 1538 796 1594 sole
823 1555 964 1612 puro
989 1557 1002 1593 ε
1046 1556 1163 1595 non
1190 1547 1381 1595 tamen
1411 1539 1632 1597 irritum

538 1617 942 1691 Quodcunque
969 1628 1117 1674 retro
1143 1628 1230 1674 est
1255 1617 1497 1688 efficiet3
1540 1634 1727 1694 neque

617 1695 894 1770 Diffinget
919 1695 1304 1771 infectumque
1333 1696 1534 1754 reddet

695 1773 873 1835 Quod
901 1773 1125 1850 fugiens
1153 1775 1328 1831 semel
1358 1775 1496 1832 hora
1522 1774 1688 1834 vexit.

543 1852 813 1923 Fortuna,
842 1870 991 1909 saevo
1017 1853 1146 1910 laeta
1172 1854 1421 1930 negotio,
1448 1864 1507 1910 et

542 1932 773 1991 Ludum
800 1931 1139 1988 insolentem
1167 1933 1364 1989 ludere
1391 1933 1671 2008 pertinax,

620 2010 1001 2068 Transmutat
1030 2010 1281 2069 incertos
1307 2012 1573 2080 honores,

698 2088 882 2146 Nune
909 2086 1069 2158 mihi,
1098 2105 1256 2144 nuno
1283 2088 1381 2145 alii
1409 2088 1672 2164 benigna.

542 2169 743 2228 Laudo
769 2178 1131 2225 manentem:
1174 2167 1223 2224 si
1252 2167 1470 2226 celeres
1495 2167 1675 2243 quatit

542 2249 790 2318 PennaS,
818 2246 1047 2321 resigno
1072 2264 1199 2321 qum
1227 2248 1405 2320 dedit,
1434 2257 1493 2305 et
1520 2246 1651 2305 mea

619 2328 847 2386 Virtute
874 2344 966 2381 me
994 2325 1234 2398 involvo,
1260 2327 1608 2403 probamque

701 2405 1036 2480 Pauperiem
1064 2405 1188 2460 sine
1217 2404 1349 2462 dote
1375 2423 1582 2478 quaero.

544 2484 677 2542 Non
706 2495 792 2541 est
820 2502 1030 2555 meum,
1061 2483 1109 2539 si
1137 2484 1357 2558 mugiat
1384 2483 1598 2539 Africis

545 2562 736 2621 Malus
761 2562 1041 2637 procelliS‚
1070 2562 1143 2618 ad
1172 2563 1408 2619 miseras
1432 2578 1635 2636 preces
1663 2587 1668 2591 ·

622 2641 960 2712 Decurrere,
989 2652 1048 2697 et
1075 2640 1217 2697 votis
1242 2640 1458 2717 pacisci

701 2718 795 2776 Ne
822 2719 1050 2795 Cypriae
1078 2718 1386 2794 Tyriaeque
1413 2735 1636 2775 meroes

546 2799 783 2857 Addant
808 2818 975 2855 avaro
1002 2797 1226 2855 divitias
1254 2797 1413 2855 mari.

543 2876 701 2937 Tum
727 2896 840 2949 me,
872 2878 1101 2934 biremis
1125 2878 1392 2954 praesidio
1419 2876 1667 2952 soaphae,

621 2956 842 3014 Tutum
868 2975 968 3032 per
996 2956 1227 3033 AEgaeos
1253 2957 1531 3015 tumultus

699 3035 862 3092 Aura
889 3035 1031 3092 feret
1055 3037 1430 3113 geminusque
1457 3034 1677 3098 Pollux.

996 3367 1165 3426 ODE
1203 3368 1438 3429 XXIV.

542 3488 741 3548 Exuet
769 3497 1202 3545 monumentum
1232 3504 1344 3543 aere
1371 3481 1700 3560 perennius,

543 3567 865 3644 Regalique
891 3566 1005 3623 situ
1030 3561 1388 3639 pyramidum
1417 3559 1611 3633 altius3

544 3647 722 3710 Quod
751 3665 866 3703 non
896 3644 1075 3703 imber
1103 3642 1270 3712 edax,
1297 3659 1417 3698 non
1445 3640 1656 3718 Aquilo
1682 3643 1967 3722 impotem

543 3725 734 3784 Possit
758 3724 1003 3794 diruere,
1031 3731 1129 3779 aut
1155 3720 1585 3779 innumerabilis

547 3804 852 3863 Annorum
879 3801 1074 3874 series,
1102 3810 1163 3861 et
1188 3798 1325 3877 suga
1349 3810 1685 3877 temporum.
