2621 4297
972 259 1051 319 Q.
1085 259 1381 311 HORATII
1407 260 1666 315 ‘FLAGCI
1753 284 1763 288 ·

973 402 1100 462 Nos
1125 405 1486 463 cantabimus
1513 405 1761 464 invicem

650 481 1009 561 Neptunum,
1028 494 1085 541 et
1113 485 1320 543 virides
1350 484 1668 542 Nereidum
1698 501 1927 541 comas:

968 562 1067 620 Tu
1094 565 1271 620 curva
1297 565 1523 621 recines
1549 563 1672 637 lyra
1698 579 1703 587 ·

624 641 952 716 ¹Latonam,
980 651 1039 698 et
1067 642 1268 701 celeris
1297 643 1517 719 spicula
1539 642 1840 716 Cynthiae:

972 722 1211 778 Summo
1239 723 1515 792 carmine,
1546 739 1672 794 quae
1700 720 1934 777 Cnidon

652 799 1078 876 Fulgentesque
1108 810 1265 858 tenet
1293 801 1596 876 Cycladas,
1625 810 1684 857 et
1710 799 1947 874 Paphon

971 878 1004 934 J
1010 880 1200 936 unctis
1227 881 1357 937 visit
1383 880 1670 937 oloribus:

620 1009 625 1018 .
651 958 892 1020 Dicetur
919 960 1124 1015 merita
1152 958 1286 1016 Nox
1313 978 1535 1035 quoque
1557 956 1762 1015 naenia.

1110 1235 1280 1330 ons
1321 1271 1562 1331 xxm.

1049 1409 1130 1447 AD
1173 1407 1590 1446 MAECENATEM.

654 1510 1008 1568 Trnnnmm
1048 1525 1251 1582 regum
1278 1507 1601 1584 progenies,
1631 1507 1735 1566 tibi

654 1588 792 1647 Non
822 1584 954 1644 ante
983 1606 1146 1643 verso
1173 1587 1302 1643 lene
1332 1605 1552 1643 merum
1579 1587 1725 1646 cado

735 1667 887 1725 Cum
915 1665 1071 1738 flore,
1102 1665 1417 1740 Maecenas,
1445 1685 1720 1739 rosarum,
1749 1676 1807 1724 et

813 1736 1019 1803 Pressa
1045 1745 1159 1802 tuis
1187 1746 1426 1803 balanus
1454 1746 1673 1821 capillis

655 1824 1009 1883 Jamdudum
1039 1824 1191 1900 apud
1220 1844 1312 1881 me
1340 1835 1443 1881 est.
1528 1824 1706 1900 Eripe
1730 1835 1787 1882 te
1815 1843 2023 1884 morae:

657 1903 756 1962 Ne
784 1923 1007 1979 semper
1036 1905 1214 1960 udum
1243 1904 1433 1961 Tibur
1461 1914 1518 1961 et
1546 1903 1766 1961 AEsulae

733 1982 974 2041 Declive
1001 1983 1404 2059 contempleris
1431 2002 1648 2055 arvum,
1676 1993 1735 2041 et

813 2063 1097 2139 Telegoni
1122 2062 1263 2138 juga
1287 2063 1605 2137 parricidae.

656 2141 1036 2200 Fastidiosam
1065 2142 1265 2198 desere
1293 2140 1540 2215 copiam,
1568 2152 1628 2197 et

657 2220 875 2278 Molem
902 2220 1275 2294 propinquam
1301 2219 1551 2276 nubibus
1579 2219 1805 2276 arduis:

735 2298 956 2354 Omitte
983 2297 1175 2363 mirari
1204 2297 1385 2354 beatae

816 2376 1066 2432 Fumum
1093 2388 1152 2433 et
1177 2395 1315 2451 opes
1342 2378 1750 2468 strepitumque
1777 2378 2000 2437 Romae.

656 2454 1002 2530 Plerumque
1029 2466 1205 2532 gratae
1230 2456 1502 2514 divitibus
1528 2458 1723 2526 vices;

655 2534 1008 2610 Mundaeque
1034 2554 1207 2612 parvo
1233 2535 1341 2592 sub
1368 2536 1485 2593 lare
1511 2534 1828 2612 pauperum

737 2614 956 2686 Coenae,
985 2616 1110 2672 sine
1138 2615 1334 2673 aulaeis
1361 2626 1421 2672 et
1446 2626 1618 2689 ostrO,

816 2661 1131 2752 Sollicitam
1160 2693 1489 2771 explicuere
1518 2662 1778 2752 stoiitem.

655 2772 790 2830 Jam
817 2772 1005 2830 clarus
1031 2776 1320 2831 occultum
1345 2774 1746 2831 Andromedes
1765 2783 1926 2848 pater

654 2852 930 2910 Ostendit
956 2853 1149 2928 ignem
1173 2872 1185 2908 ε
1224 2853 1345 2927 jam
1373 2852 1633 2925 Procyon
1663 2852 1819 2923 furit,

734 2931 812 2988 Et
838 2931 1000 2987 stella
1026 2930 1225 2986 vesani
1254 2929 1487 3001 LeoniS,

817 3009 952 3066 Sole
980 3009 1109 3065 dies
1131 3008 1427 3066 referente‘
1441 3008 1643 3066 siccos.

654 3086 692 3144 J
697 3106 790 3144 am
815 3097 1003 3162 pastor
1034 3088 1262 3145 umbras
1289 3106 1423 3145 cum
1452 3108 1626 3165 grege
1655 3088 1929 3166 languido

654 3166 983 3240 Rivumque
1013 3167 1194 3224 sessus
1221 3167 1440 3242 quaerit,
1468 3180 1527 3226 et
1555 3168 1767 3226 horridi

734 3245 986 3303 Dumeta
1016 3246 1268 3316 Silvani3
1312 3259 1579 3322 caretque

814 3324 970 3401 Ripa
997 3326 1153 3401 vagis
1181 3326 1467 3383 taciturna
1493 3326 1695 3385 ventiS.

652 3404 753 3462 Tu
780 3405 1067 3463 civitatem
1096 3406 1227 3480 quis
1252 3407 1457 3463 deceat
1484 3416 1663 3465 status

653 3483 856 3556 CuraS,
884 3497 943 3542 et
970 3485 1109 3544 Urbi
1132 3486 1409 3544 sollicitus
1429 3485 1596 3543 times

730 3531 895 3625 Qui'd
925 3565 1095 3622 Seres
1122 3577 1181 3622 et
1208 3577 1446 3640 regnata
1474 3564 1628 3638 Cyro

815 3639 1023 3698 Bactra
1048 3653 1269 3716 parent,
1298 3643 1635 3715 Tanaisque
1663 3641 1898 3702 discors·

661 3717 921 3775 Prudens
949 3720 1120 3775 futuri
1149 3722 1419 3794 temporis
1445 3720 1663 3775 exitum

658 3795 990 3872 Caliginosa
1017 3806 1186 3854 nocte
1213 3799 1419 3873 premit
1446 3797 1606 3854 Deus
1624 3839 1640 3868 ,

2239 484 2313 541 10

2245 877 2319 936 15

2249 2617 2323 2676 15
