2621 4297
958 304 1363 359 CARMINUM
1398 308 1530 358 LIB.
1566 308 1637 360 11.

1130 528 1300 588 ODE
1342 531 1458 590 111.

1092 666 1173 705 An
1202 667 1493 707 nemum.

618 762 871 827 AEQUAM
897 777 1186 823 memento
1210 767 1384 823 rebus
1410 768 1470 824 in
1498 767 1692 826 arduis

617 844 856 902 Servare
885 854 1156 916 mentem,
1184 864 1299 903 non
1329 843 1499 904 secus
1527 848 1586 904 in
1617 845 1781 905 bonis

694 922 792 980 Ab
818 921 1084 980 insolenti
1112 935 1482 999 temperatam

772 1000 1018 1072 Leontii,
1046 1003 1317 1059 moriture
1345 1003 1519 1076 Delli,

618 1080 735 1137 Seu
763 1091 999 1136 moestus
1024 1082 1179 1138 omni
1207 1081 1461 1158 tet‘npore
1488 1081 1718 1155 vixeris,

616 1159 733 1216 Seu
759 1169 817 1216 te
844 1159 906 1216 in
931 1170 1150 1216 remoto
1175 1161 1434 1235 gramine
1461 1180 1560 1235 per
1589 1160 1715 1217 dies

692 1236 900 1295 Festos
925 1236 1263 1294 reclinatum
1292 1238 1483 1295 bearis

774 1314 1054 1373 Interiore
1082 1316 1218 1373 nota
1246 1315 1499 1387 Falerni,

613 1394 754 1456 Qua
780 1394 951 1470 pinus
978 1396 1186 1471 ingens
1211 1395 1450 1470 albaque
1477 1394 1721 1471 populus

611 1473 885 1532 Umbram
915 1474 1247 1550 hospitalem
1275 1475 1606 1533 consociare
1634 1485 1829 1534 amant

562 1548 579 1564 “
693 1553 917 1623 Ramis,
944 1554 1058 1626 qua
1074 1564 1144 1611 -et
1169 1554 1397 1629 obliquo
1423 1554 1640 1611 laborat

689 1678 698 1686 .
793 1630 1053 1707 Lympha
1080 1633 1253 1707 fugax
1278 1634 1561 1709 trepidare
1588 1632 1727 1691 rivo.

615 1710 755 1766 Huc
782 1710 932 1781 vina,
960 1721 1019 1768 et
1047 1724 1360 1787 unguenta,
1388 1723 1447 1770 et
1474 1709 1718 1769 nimium
1745 1709 1931 1770 brevis

615 1788 815 1846 Flores
842 1807 1096 1846 amoenos
1124 1790 1271 1848 ferre
1292 1792 1431 1867 jube
1457 1809 1623 1863 rosae,

693 1866 850 1924 Dum
878 1886 988 1938 res,
1016 1879 1074 1925 et
1102 1879 1257 1941 aetas,
1286 1880 1344 1927 et
1372 1871 1644 1927 Sororum

772 1945 902 2002 Fila
928 1947 1101 2003 trium
1127 1950 1420 2022 patiuntur
1448 1960 1585 2005 atra.

610 2023 805 2082 Cedes
831 2025 1113 2098 ookmptis
1139 2026 1396 2096 saltibuS,
1424 2036 1483 2081 et
1509 2027 1699 2098 domo,

608 2103 877 2178 villaque
904 2100 1082 2159 flavus
1108 2121 1280 2178 quam
1308 2101 1542 2161 Tiberis
1567 2102 1739 2162 lavit:

689 2183 882 2240 Cedes
902 2201 919 2250 ς
939 2192 1018 2258 ,εἰ
1044 2183 1347 2240 exstructis
1374 2183 1433 2240 in
1462 2182 1640 2240 altum

769 2261 998 2319 Divitiis
1023 2262 1268 2336 potietur
1297 2263 1496 2320 haereS.

611 2339 881 2411 Divesne,
909 2340 1099 2415 priseo
1125 2352 1295 2397 natus
1324 2343 1396 2398 ab
1423 2341 1666 2416 Inacho,

612 2418 713 2476 Nil
742 2419 994 2489 interest,
1024 2438 1097 2475 an
1127 2438 1364 2493 pauper,
1391 2431 1451 2476 et
1476 2419 1675 2478 infima

692 2497 781 2554 De
808 2507 1000 2572 gente,
1029 2497 1137 2553 sub
1163 2497 1295 2555 divo
1321 2499 1578 2569 moreris,

672 2602 685 2606 ·
772 2576 1024 2633 Victima
1051 2576 1131 2633 nil
1161 2576 1486 2634 miserantis
1512 2575 1674 2634 Oroi.

612 2652 835 2711 Omnes
861 2650 1071 2711 eedem
1097 2656 1389 2729 cogimur:
1432 2655 1692 2713 omnium

612 2732 887 2791 Versatur
912 2749 1091 2801 urna;
1134 2731 1318 2790 serius
1342 2732 1507 2791 ocius

691 2812 830 2870 Sors
854 2810 1095 2883 exitura,
1123 2823 1182 2869 et
1208 2831 1315 2869 nos
1342 2812 1403 2869 in
1431 2822 1710 2870 aeternum

768 2889 1047 2948 Exsilium
1077 2891 1411 2967 impositura
1436 2891 1674 2968 eymbae.

1131 3201 1301 3262 ODE
1342 3205 1446 3265 IV.

1056 3341 1135 3381 AD
1164 3343 1521 3385 SEPTIMIUM.

607 3441 885 3513 Samum,
912 3441 1108 3499 Gades
1134 3443 1355 3499 aditure
1382 3459 1634 3510 meeum,
1660 3450 1722 3498 et

606 3520 962 3578 Cantabrum
989 3519 1286 3574 indoctum
1312 3519 1452 3592 juga
1479 3518 1625 3574 serre
1652 3526 1865 3595 nostra,
1889 3528 1953 3582 et

605 3597 884 3658 Bau-baras
911 3598 1128 3673 SyrteS,
1156 3595 1255 3650 ubi
1284 3594 1492 3655 Maura
1517 3615 1741 3676 semper

925 3675 1156 3734 AEstuat
1184 3675 1373 3732 unda:
1605 3736 1618 3747 ,

606 3754 817 3828 Tibur,
846 3756 1042 3830 Argeo
1067 3755 1316 3831 positum
1344 3754 1565 3829 colone,

611 3835 702 3895 Sit
726 3852 872 3892 meae
901 3835 1068 3895 sedes
1094 3834 1316 3893 utinam
1343 3834 1625 3892 seneetael

2189 1473 2292 1535 -m
