2621 4297
375 336 488 393 150
911 294 918 303 ⁸
1021 331 1084 388 Q.
1120 330 1412 383 noun-11
1445 327 1692 393 FLAcci

448 474 668 545 Gratia,
696 472 865 545 fama,
892 473 1160 531 valetudo
1186 475 1480 548 contingat
1506 468 1758 542 abunde,

455 553 531 611 Et
557 554 810 610 mundus
837 552 1054 622 victus,¹
1073 571 1187 610 non
1218 553 1523 609 deficiente
1550 549 1867 608 crumena?

531 630 688 688 Inter
716 650 874 708 spem
902 649 1230 705 curamque,
1258 633 1489 688 timores
1516 631 1661 686 inter
1689 638 1749 685 et
1775 628 1908 701 iras,

453 709 703 767 Omnem
734 711 905 767 crede
933 710 1084 766 diem
1113 710 1215 766 tibi
1243 710 1517 766 diluxisse
1545 724 1906 782 supremum:

427 789 626 846 ‘Grata
654 788 1029 864 superveniet,
1057 803 1182 863 quae
1210 808 1327 845 non
1355 787 1686 863 sperabitur,
1718 787 1869 842 hora.

531 866 632 924 Me
661 868 932 942 pinguem
959 879 1017 924 et
1044 867 1285 924 nitidum
1317 867 1462 924 bene
1490 865 1686 922 curata
1714 875 1846 921 cute
1874 864 2040 939 vises,

387 989 398 1005 .
451 944 655 1007 Quum
683 946 867 1004 ridere
895 946 1067 1017 voles,
1097 945 1334 1020 Epicuri
1362 946 1434 1003 de
1465 963 1638 1021 grege
1665 962 1919 1019 porcum.

1098 1256 1503 1316 EPISTOLA
1546 1257 1617 1315 V.

1100 1394 1179 1433 AD
1221 1395 1611 1437 TORQUATUM.

455 1498 521 1555 S!
547 1508 706 1572 potes
733 1496 1035 1553 Archiacis
1062 1496 1299 1552 conviva
1325 1495 1656 1552 recumbere
1684 1495 1867 1569 lectis,

452 1576 583 1632 Nec
609 1575 836 1632 modica
863 1593 1090 1631 coenare
1120 1574 1287 1630 times
1313 1574 1438 1628 olus
1463 1592 1634 1630 omne
1661 1576 1890 1649 patella,

454 1654 734 1728 Supremo
759 1664 816 1709 te
843 1653 959 1709 sole
988 1653 1159 1723 domi,
1190 1652 1503 1725 Torquate,
1532 1655 1795 1712 manebo·

449 1733 604 1791 Vina
632 1732 791 1788 bibes
818 1733 1020 1789 iterum
1050 1699 1248 1788 Tauro
1274 1730 1498 1803 diffusa,
1526 1732 1804 1807 palustres

452 1811 610 1869 Inter
639 1810 965 1868 Minturnas
994 1811 1543 1887 Sinuessanumque
1550 1810 1863 1869 Petrinum.

451 1891 556 1948 Sin
585 1889 788 1947 melius
813 1891 948 1965 quid
979 1891 1174 1960 habes,
1204 1910 1449 1961 arcesse,
1480 1875 1608 1947 vel
1595 1890 1893 1966 imperium
1922 1891 2020 1949 ser.

449 1969 799 2027 Iamdudum
830 1969 1089 2045 splendet
1117 1969 1296 2040 focuS‚
1324 1983 1382 2028 et
1407 1937 1509 2027 tibi
1540 1971 1751 2026 munda
1778 1971 2050 2046 supellex.

450 2047 619 2106 Mitte
647 2049 800 2106 leves
825 2068 973 2124 spesi,
1002 2060 1059 2106 et
1086 2051 1398 2109 certamina
1425 2048 1767 2120 divitiarum,

448 2126 524 2186 Et
552 2126 779 2186 Moschi
807 2147 1071 2186 causam:
1113 2147 1241 2186 cras
1269 2140 1402 2187 nato
1423 2128 1650 2186 Caesare
1681 2107 1854 2186 festus

399 2221 416 2252 -‘
448 2207 565 2264 Dat
593 2208 817 2268 veniam
845 2226 1218 2281 somnumque
1247 2210 1402 2274 dies;
1447 2203 1678 2282 impune
1708 2208 1904 2266 licebit

450 2285 728 2342 AEstivam
758 2304 1017 2342 sermone
1048 2286 1296 2360 benigno
1323 2286 1561 2343 tendere
1589 2300 1834 2344 noctem.

443 2363 588 2425 Quo
616 2363 774 2434 mihi,
805 2364 1029 2420 fortuna
1056 2363 1104 2419 si
1133 2383 1246 2420 non
1275 2365 1609 2422 conceditur
1638 2365 1760 2422 uti'l

447 2441 663 2498 Parcus
688 2442 763 2499 ob
792 2443 1032 2500 haeredis
1059 2461 1253 2499 curam
1276 2443 1630 2518 nimiumque
1658 2462 1887 2501 severus

449 2519 726 2578 Assidet
713 2540 929 2578 insano.
1013 2521 1214 2579 Potare
1242 2534 1300 2578 et
1326 2541 1590 2597 spargere
1620 2521 1785 2580 flores

399 2598 753 2674 Incipiam,
781 2600 1071 2690 pati-arque
1099 2601 1184 2657 vel
1215 2601 1570 2658 inconsultus
1598 2601 1809 2657 haberi.

447 2678 613 2740 Quid
642 2698 758 2737 non
787 2679 1030 2737 ebrietas
1056 2680 1362 2768 designat?
1400 2692 1597 2753 operta
1622 2665 1897 2768 recludit3

451 2758 599 2832 Spes
619 2758 782 2832 jubet
807 2776 933 2814 esse
959 2769 1146 2827 ratas·
1179 2760 1238 2815 in
1265 2759 1461 2833 proelia
1488 2758 1665 2815 trudit
1691 2758 1964 2816 inertem·
1948 2802 1962 2828 ,

451 2835 723 2893 Sollicitis
753 2837 959 2894 animis
984 2856 1130 2893 onus
1155 2837 1386 2905 eximit3
1429 2837 1671 2894 addocet
1698 2849 1862 2894 artes.

452 2912 736 2971 Foecundi
765 2914 974 2971 calices
1001 2934 1166 2990 quem
1197 2934 1312 2971 non
1344 2914 1530 2971 fecere
1560 2916 1875 2972 disertum?

450 2992 763 3050 Contracta
790 3011 959 3067 quem
988 3012 1104 3050 non
1127 2993 1192 3049 ⁴in
1217 3004 1547 3068 paupertate
1574 2995 1858 3051 solutqu

528 3070 675 3127 Haec
701 3090 809 3146 ego
834 3089 1134 3146 procurare
1162 3083 1218 3128 et
1247 3072 1485 3129 idoneus
1515 3073 1774 3147 imperor,
1801 3082 1861 3130 et
1885 3091 2002 3135 non

449 3147 701 3216 Invitus;
746 3169 819 3206 ne
847 3161 1009 3225 turpe
1037 3151 1196 3222 toral,
1225 3170 1298 3207 ne
1327 3152 1553 3208 sordida
1581 3169 1784 3227 mappa

447 3228 731 3304 corruget
758 3247 957 3298 nares;
1001 3250 1074 3287 ne
1104 3249 1216 3288 non
1246 3242 1306 3287 et
1332 3232 1639 3287 cantharus
1664 3243 1723 3288 et
1750 3232 1883 3290 lanx

446 3306 731 3365 Ostendat
760 3308 863 3366 tibi
891 3320 979 3378 te;
1022 3329 1096 3366 ne
1125 3310 1267 3367 fidos
1295 3310 1441 3366 inter
1469 3311 1684 3366 amicos

450 3387 538 3445 Sit
564 3387 661 3463 qui
689 3388 843 3445 dicta
871 3388 1016 3445 foras
1042 3388 1327 3457 eliminet;
1372 3399 1434 3445 ut
1461 3395 1627 3445 coeat
1654 3408 1755 3463 par

450 3464 487 3522 J
492 3478 845 3544 ungaturque
871 3468 1009 3542 pari.
1094 3431 1327 3525 Butrarri
1356 3468 1460 3523 tibi
1491 3468 1938 3544 Septiciumque,

450 3543 526 3601 Et
554 3546 662 3601 nisi
690 3563 854 3602 coena
882 3547 1053 3621 prior,
1080 3547 1259 3622 potior
1288 3546 1542 3617 conviva,
1574 3547 1855 3615 Sabinum

451 3622 705 3694 Detinet,
734 3643 1053 3681 assumam:
1094 3626 1253 3681 locus
1279 3638 1367 3683 est
1392 3640 1450 3683 et
1475 3627 1732 3715 pluribus
1760 3625 2010 3684 umbris·
1984 3668 2010 3697 ,

452 3699 570 3779 Sed
599 3702 769 3758 nimis
796 3713 952 3758 arcta
977 3715 1242 3776 premunt
1265 3703 1432 3760 olidae
1460 3705 1719 3761 convivia
1745 3723 1950 3781 caprae.

531 3774 650 3847 Tu,
677 3791 881 3850 quotus
908 3798 1034 3836 esse
1062 3780 1218 3851 velis,
1247 3783 1525 3849 rescribe;
1567 3793 1645 3852 et,
1675 3785 1845 3842 rebus
1868 3784 2115 3858 emim.

452 3851 616 3910 Atria
642 3868 957 3914 servantem
983 3857 1204 3931 postico
1227 3860 1357 3918 salle
1383 3824 1669 3920 clientem.

2273 472 2342 534 1⁰

2274 862 2355 926 '16‘
2440 908 2447 915 ·

2266 2210 2338 2267 lo

2263 2565 2395 2660 ιε’
