2621 4297
986 315 1399 368 sA'nRARUM
1439 317 1570 368 Lm.
1607 318 1652 367 1.
1686 320 1734 367 6.
2238 329 2353 389 ω

440 457 710 535 Namque
737 469 823 517 est
851 459 965 532 ille,
991 470 1154 534 pater
1180 460 1333 535 quod
1360 470 1481 518 erat
1509 462 1902 521 meuse-Hoc
1929 466 2033 523 tibi
2061 467 2273 528 Paulus

439 537 519 597 Et
548 537 801 595 Messala
827 539 1073 595 videris'l
1133 540 1239 596 .At
1266 539 1381 611 hic,
1409 539 1457 596 si
1484 541 1734 615 plaustra
1757 543 2026 617 ducenta,

418 616 916 692 .Coucurrantque
945 618 1064 675 foro
1090 618 1198 674 tria
1225 619 1445 691 funera,
1474 639 1684 695 magna
1710 623 1952 695 sonabit,

443 696 680 755 Cornua
704 693 856 771 quod
886 697 1184 772 vincatque
1213 698 1379 755 tubas
1404 717 1417 755 ε
1460 700 1661 757 saltem
1689 711 1847 758 tenet
1873 704 1985 761 hoc
2011 723 2133 763 nos.

522 774 699 832 Nunc
728 777 799 832 ad
830 795 923 833 me
948 777 1142 847 reden,
1170 777 1437 835 libertino
1463 790 1622 853 patre
1649 794 1882 839 natum:
2271 786 2350 845 45

441 854 640 917 Quem
667 856 876 912 rodunt
901 873 1103 913 omnes
1128 855 1396 915 libertino
1420 869 1579 932 patre
1609 869 1805 916 natum
1828 880 1843 930 ;

441 933 639 1006 Nunc,
667 935 819 1009 quia,
850 934 1161 1007 Maecenas,
1190 936 1292 993 tibi
1321 956 1448 993 sum
1475 938 1766 996 convictor
1788 958 1803 1009 3
1845 950 1901 999 at
1924 941 2083 1016 olim,

441 1010 624 1075 Quod
654 1015 793 1070 mihi
819 1026 1042 1090 pareret
1069 1016 1217 1091 legio
1245 1015 1514 1074 Romana
1540 1018 1786 1076 tribuno.

442 1092 735 1150 Dissimile
765 1094 875 1150 hoc
905 1094 984 1151 illi
1011 1105 1127 1151 est:
1171 1095 1307 1169 quia
1333 1114 1471 1167 non,
1499 1112 1564 1153 ut
1591 1097 1750 1154 forsit
1775 1099 2048 1158 honorem

442 1171 478 1229 J
483 1191 582 1229 ure
610 1173 751 1230 mihi
780 1173 1032 1230 invideat
1057 1173 1260 1248 quivis,
1291 1175 1371 1231 ita
1395 1185 1453 1231 te
1479 1194 1702 1250 quoque
1729 1178 2012 1246 amicum;
2265 1182 2347 1242 ὅθ

440 1252 764 1310 Praesertim
790 1264 1025 1309 cautum
1054 1253 1259 1328 dignos
1287 1271 1596 1326 assumere,
1624 1256 1798 1330 prava

443 1332 776 1391 Ambitione
803 1332 1021 1407 procul.
1108 1331 1365 1390 Felicem
1394 1331 1588 1389 dicere
1615 1353 1733 1392 non
1761 1336 1872 1393 hoc

443 1409 543 1467 Me
569 1431 821 1486 possum,
851 1429 989 1468 casu
1016 1408 1170 1486 quod
1198 1422 1255 1469 te
1283 1412 1513 1469 sortitus
1540 1413 1788 1471 amicum
1813 1434 1828 1484 ;

442 1489 620 1547 Nulla
646 1492 860 1547 etenim
888 1490 992 1547 tibi
1022 1510 1113 1547 me
1143 1490 1255 1548 fors
1280 1491 1518 1549 obtulit:
1561 1493 1810 1568 optimus
1836 1494 1974 1554 olim

442 1566 736 1645 Virg‘ilius,
765 1581 891 1645 post
913 1571 1067 1627 hunc
1096 1570 1326 1642 Varius,
1356 1570 1553 1629 dixere
1580 1573 1717 1648 quid
1744 1594 1947 1632 essem.
2262 1578 2343 1637 55

440 1648 519 1707 Ut
544 1650 676 1706 veni
703 1648 917 1721 coram,
946 1649 1239 1725 singultim
1265 1669 1452 1726 pauca
1477 1652 1723 1725 Iocutus,

440 1727 644 1788 Infans
671 1748 916 1804 namque
942 1730 1125 1805 pudor
1153 1730 1487 1805 prohibebat
1514 1732 1679 1806 plura
1703 1733 1931 1809 profari,

441 1806 578 1865 Non
605 1827 713 1884 ego
742 1827 834 1865 me
861 1809 1016 1866 claro
1043 1819 1240 1865 natum
1269 1820 1447 1883 patre,
1475 1829 1593 1867 non
1620 1830 1729 1887 ego
1755 1813 1974 1871 circum

441 1885 542 1944 Me
572 1888 909 1945 Satureiano
937 1888 1148 1944 vectari
1177 1907 1309 1945 rura
1335 1889 1594 1961 caball0,-

442 1967 581 2038 Sed,
605 1968 756 2041 quod
783 1986 961 2038 eram,
990 1985 1174 2024 narro.
1258 1966 1623 2041 Respondes,
1652 1980 1716 2026 ut
1741 1979 1876 2027 tuus
1901 1982 1991 2029 est
2015 1990 2159 2045 mos,
2264 1972 2345 2032 6⁰

439 2045 667 2103 Pauca:
711 2047 888 2114 abeo;
931 2055 990 2101 et
1016 2064 1249 2102 revocas
1275 2064 1430 2102 nono
1454 2044 1586 2120 post
1607 2066 1824 2119 mense,
1848 2049 2127 2127 jubesque

440 2124 582 2183 Esse
609 2127 670 2184 in
696 2125 1015 2183 amicorum
1045 2142 1300 2182 numero.
1386 2122 1668 2202 Magnum
1696 2126 1806 2184 hoc
1832 2146 1943 2205 ego
1969 2129 2140 2204 duco,

438 2203 620 2267 Quod
646 2205 837 2281 placui
865 2204 989 2276 tibi,
1016 2203 1113 2279 qui
1140 2203 1292 2281 turpi
1320 2206 1574 2262 secernis
1602 2206 1925 2282 honestum,

439 2282 578 2342 Non
604 2296 762 2360 patre
788 2284 1079 2360 praeclaro,
1106 2285 1208 2341 sed
1239 2284 1353 2340 vita
1379 2295 1438 2341 et
1463 2294 1697 2360 pectore
1724 2306 1880 2362 puro.

518 2364 719 2438 Atqui,
749 2364 797 2420 si
825 2364 974 2420 vitiis
1001 2363 1386 2420 mediocribus
1412 2382 1481 2420 ac
1509 2384 1639 2422 mea
1665 2367 1864 2442 paucis
2262 2368 2342 2428 66

425 2441 721 2500 ·Mendosa
747 2454 834 2500 est
859 2454 1081 2514 natura,
1111 2442 1320 2516 alioqui
1347 2453 1523 2515 recta,
1553 2444 1704 2501 velut
1729 2446 1778 2502 si

437 2521 689 2598 Egregie
715 2522 997 2599 inspersos
1019 2520 1332 2597 reprendas
1358 2540 1594 2595 corpore
1623 2541 1839 2593 naevos3

437 2601 503 2659 Si
529 2620 715 2676 neque
744 2602 1265 2679 avaritiam„neque
1293 2601 1510 2672 sordes,
1539 2619 1650 2657 nec
1676 2603 1824 2658 mala
1849 2603 2046 2674 lustra,

435 2680 690 2757 Objiciet
715 2679 849 2737 vere
876 2682 1171 2756 quisquam
1201 2680 1374 2748 mihi;
1417 2698 1592 2755 purus
1612 2690 1670 2736 et
1697 2680 1892 2739 insons

439 2758 547 2835 (Ut
573 2779 667 2816 me
693 2760 1043 2838 collaudem)
1075 2760 1124 2816 si
1150 2759 1294 2830 vim,
1324 2770 1383 2815 et
1411 2777 1581 2816 carus
1610 2760 1841 2819 amicis:
2266 2763 2345 2823 70

432 2839 630 2897 Causa
657 2839 763 2896 fuit
782 2850 940 2914 pater
970 2841 1078 2910 his,
1106 2838 1206 2914 qui
1236 2857 1433 2896 macro
1458 2857 1671 2915 pauper
1698 2841 1883 2915 agello

434 2919 642 2977 Noluit
669 2919 731 2975 in
760 2918 922 2976 Flavi
949 2919 1150 2975 ludum
1179 2937 1271 2975 me
1299 2918 1544 2989 mittere,
1575 2919 1769 2995 magni

435 2996 578 3060 Quo
608 2998 770 3074 pueri
798 2999 1019 3073 magnis
1047 3018 1081 3055 e
1110 2998 1541 3056 centurionibus
1566 3000 1695 3071 orti,

436 3077 607 3135 Laevo
633 3078 896 3153 suspensi
923 3077 1139 3134 loculos
1166 3078 1527 3152 tabulamque
1556 3077 1790 3151 lacerto,

437 3155 606 3214 Ibant
624 3157 849 3217 octonis
875 3156 1185 3212 referentes
1212 3157 1400 3215 idibus
1427 3175 1555 3213 aern.
2267 3159 2346 3218 75

434 3237 552 3294 Sed
579 3255 821 3313 puerum
847 3246 933 3292 est
960 3254 1132 3292 ausus
1161 3235 1407 3292 Romam
1436 3247 1677 3312 portare,
1701 3239 2028 3297 docendum

436 3316 611 3373 Artes
637 3335 778 3392 quas
806 3316 1009 3372 doceat
1035 3315 1216 3390 quivis
1244 3335 1420 3391 eques
1447 3327 1613 3391 atque
1643 3329 1872 3374 senator

435 3396 634 3453 Semet
658 3406 962 3470 prognatos
987 3415 999 3450 ε
1041 3406 1257 3452 vestem
1285 3413 1586 3467 servosque
1614 3405 1921 3468 sequentes

433 3474 507 3531 In
537 3494 744 3550 magno
772 3484 834 3530 ut
859 3473 1067 3549 populo
1095 3474 1143 3529 si
1170 3474 1295 3546 quis
1326 3473 1574 3540 vidisset,
1602 3472 1752 3527 avita

365 3573 369 3581 “
433 3553 525 3611 Ex
550 3573 612 3610 re
638 3554 878 3630 praeberi
906 3561 1166 3626 sumptus
1193 3550 1334 3606 mihi
1363 3549 1622 3605 crederet
1649 3549 1787 3606 illos.
2191 3585 2200 3591 -
2262 3554 2344 3615 80

429 3632 564 3710 Ipse
593 3634 731 3690 mibi
763 3644 955 3690 custos
983 3628 1507 3703 incorruptissimus
1533 3645 1732 3685 omnes

431 3711 672 3771 Circum
700 3713 960 3769 doctores
988 3710 1198 3767 aderat.
1267 3706 1433 3768 Quid
1462 3706 1677 3767 multa'l
1716 3709 2011 3784 pudicum,

428 3792 554 3854 Qui
583 3793 802 3868 primus
829 3791 1050 3846 virtutis
1079 3790 1279 3860 honos,
1309 3787 1549 3844 servavit
1576 3789 1649 3844 ab
1672 3788 1831 3845 omni

431 3870 569 3930 Nou
597 3867 785 3929 solum
813 3868 984 3939 facto,
1011 3865 1211 3926 verum
1236 3866 1538 3943 opprobrio
1563 3885 1786 3942 quoque
1806 3866 1988 3945 turpi:
