2621 4297
992 275 1395 326 ultumum
1427 276 1562 327 ΜΒ.
1596 277 1673 327 IV

665 416 886 476 Merses
909 419 1211 495 profundo,
1238 420 1527 495 pulchrior
1553 421 1774 481 evenit:

670 496 929 569 Luctere,
958 498 1139 555 multa
1167 511 1398 573 proruet
1424 500 1712 575 integrum

743 575 895 632 Cum
924 577 1092 633 laude
1123 579 1413 650 victorem,
1441 591 1712 654 geretque

822 654 1029 711 Proelia
1055 656 1394 731 conjugibus
1421 657 1720 732 loquenda.

664 730 1000 807 Carthagini
1021 733 1138 808 jam
1167 754 1281 792 non
1308 755 1418 810 ego
1448 738 1681 793 nuntios

664 808 893 869 Mittam
922 813 1225 887 superbos:
1267 815 1500 886 occidit,
1528 815 1743 873 occidit

745 890 892 965 Spes
917 892 1104 947 omnis
1130 901 1187 948 et
1209 892 1430 950 fortuna
1460 895 1634 950 nostri

823 968 1110 1041 Nominis,
1140 970 1502 1029 Hasdrubale
1531 973 1883 1052 interempto.

665 1046 766 1105 Nil
794 1047 1052 1105 Claudiae
1081 1068 1195 1106 non
1224 1051 1522 1125 perficient
1551 1071 1777 1125 manus,

663 1127 832 1189 Quas
858 1138 917 1184 ot
946 1128 1196 1202 benigno
1225 1130 1462 1185 numine
1489 1130 1715 1205 Jupiter

742 1205 1040 1275 Defendit,
1068 1217 1124 1262 et
1152 1225 1305 1263 curae
1334 1226 1572 1282 sagaces

823 1284 1155 1361 Expediunt
1180 1304 1281 1361 per
1308 1297 1479 1343 acuta
1508 1285 1699 1344 belli.’'

1177 1600 1349 1659 ODE
1389 1601 1495 1661 lv.

1120 1740 1200 1778 An
1227 1739 1571 1781 Aucus'rmu.

664 1839 838 1897 Divis
863 1850 986 1898 orte
1014 1840 1199 1911 bonis,
1226 1841 1437 1916 optime
1466 1842 1734 1901 Romulae

665 1919 875 1977 Custos
901 1920 1109 1993 gentiS‚
1138 1919 1273 1975 abes
1295 1920 1412 1994 jam
1437 1921 1676 1979 nimium
1706 1924 1839 1982 diu:

665 1997 961 2055 Maturum
989 1997 1235 2052 reditum
1262 1998 1546 2071 pollicitus
1573 2000 1809 2058 Patrum

984 2074 1200 2131 Sancto
1226 2075 1492 2145 concilio,
1520 2078 1659 2134 redi.

664 2156 887 2213 Lucem
914 2155 1089 2211 redde
1117 2165 1248 2226 tuae,
1278 2155 1396 2212 dux
1430 2155 1593 2229 bone,
1621 2158 1854 2233 patriae:

665 2234 854 2292 Instar
881 2235 1029 2292 veris
1055 2235 1211 2292 enim
1239 2235 1426 2291 vultus
1455 2236 1551 2293 ubi
1578 2250 1712 2296 tuus

664 2314 918 2385 Affulsit,
943 2314 1153 2390 populo
1173 2315 1382 2389 gratior
1411 2316 1456 2371 it
1480 2317 1623 2388 dies,

864 2459 873 2465 ·
979 2392 1056 2448 Et
1082 2392 1230 2448 soles
1256 2391 1463 2450 melius
1489 2396 1688 2453 nitent.

663 2470 742 2529 Ut
766 2482 946 2529 mater
967 2471 1256 2546 juvenem,
1284 2488 1453 2543 quem
1484 2472 1671 2529 Notus
1700 2474 1892 2534 invido

664 2550 833 2607 Flatu
860 2549 1156 2625 Carpathii
1185 2559 1343 2605 trans
1372 2549 1542 2606 maris
1570 2569 1794 2624 aequora

666 2628 1052 2686 Cunctantem
1082 2627 1263 2701 spatio
1291 2626 1518 2702 longius
1545 2647 1740 2686 annuo

981 2705 1157 2761 Dulci
1185 2705 1419 2761 distinet
1447 2725 1481 2762 a
1506 2707 1697 2778 dom0,

580 2799 599 2805 ·
663 2786 828 2844 Votis
853 2784 1253 2858 ominibusque
1279 2794 1338 2841 et
1364 2785 1628 2859 precibus
1657 2798 1838 2860 vocat,

664 2865 855 2922 Curvo
882 2884 992 2922 nec
1021 2864 1224 2921 faciem
1252 2862 1439 2919 littore
1465 2865 1745 2924 dimovet:

665 2944 766 3002 Sic
793 2944 1090 3002 desideriis
1118 2943 1232 2999 icta
1258 2942 1523 3001 fidelibus

977 3022 1206 3084 Quaerit
1232 3022 1414 3096 patria
1440 3023 1748 3083 Caesarem.

660 3100 854 3158 Tutus
881 3101 983 3156 bos
1008 3101 1219 3158 etenim
1247 3120 1380 3157 rura
1405 3104 1790 3177 perambulat:

661 3178 859 3237 Nutrit
884 3198 1014 3235 rura
1041 3178 1238 3250 Ceres,
1267 3180 1527 3255 almaque
1555 3181 1873 3243 Faustitas:

663 3256 938 3318 Pacatum
966 3257 1198 3315 volitant
1223 3277 1324 3333 per
1351 3278 1506 3317 mare
1529 3263 1767 3320 navitae:

988 3336 1223 3413 Culpari
1250 3340 1453 3395 metuit
1480 3339 1655 3395 Fides
1680 3359 1693 3395 :

662 3413 854 3472 Nullis
879 3416 1148 3492 polluitur
1176 3426 1338 3472 casta
1363 3418 1568 3472 domus
1595 3415 1833 3488 stupris:

662 3490 793 3551 Mos
818 3505 876 3550 et
902 3495 994 3550 lex
1022 3492 1379 3553 maculosum
1407 3491 1662 3546 edomuit
1690 3490 1882 3549 nefas:

660 3570 994 3630 Laudamur
1022 3566 1193 3625 simili
1222 3567 1380 3642 prole
1401 3585 1725 3642 puerperae:

979 3647 1226 3721 Culpam
1256 3646 1435 3703 Poena
1460 3648 1665 3721 premit
1691 3666 1903 3708 comes.

2259 1212 2338 1271 75

2259 2558 2334 2618 1⁰

659 3726 816 3790 Quis
842 3728 1113 3784 Parthum
1141 3726 1383 3801 paveat?
1420 3726 1548 3800 quis
1573 3727 1826 3802 gelidum
1856 3728 2153 3807 Scythen?
2242 3725 2334 3789 25

659 3804 837 3878 Quis,
862 3804 1173 3941 Gergiania
1196 3823 1339 3880 quos
1365 3805 1593 3863 horrida
1617 3806 1856 3881 parturit
