2621 4297
911 263 1308 314 CARMINUM
1342 264 1473 315 LIB.
1510 268 1610 317 111.

658 403 902 475 Custos:
945 418 1253 465 amatorem
1284 419 1556 467 trecento

737 484 1055 545 Pirithoum
1082 488 1358 546 cohibent
1385 501 1623 547 eatenae.

1130 842 1298 900 ODE
1325 844 1398 902 V.

578 964 761 1022 Coeno
787 971 1082 1021 tonantem
1109 962 1458 1019 credidimus
1483 962 1687 1031 Iovem

576 1045 877 1120 Regnare:
918 1060 1166 1117 praesens
1193 1043 1358 1099 divus
1387 1043 1686 1111 habebitur

653 1124 971 1198 Augustus»,
999 1122 1238 1197 adjectis
1266 1120 1556 1178 Britannis

729 1201 1002 1276 ImperiO,
1032 1200 1411 1275 gravibusque
1442 1201 1644 1259 Persis.

576 1281 820 1339 Milesne
848 1279 1045 1336 Crassi·
1073 1279 1319 1353 conjuge
1350 1278 1587 1336 barbara

574 1360 787 1435 Turpis
813 1359 1049 1415 maritus
1078 1358 1244 1414 vixit!
1289 1368 1346 1413 et
1374 1359 1621 1417 hostium

655 1439 835 1517 (Proh
862 1437 1041 1509 curia,
1070 1436 1390 1511 inversique
1417 1440 1631 1497 mores!
1638 1439 1662 1520 )

731 1518 1049 1576 Consenuit
1073 1534 1397 1574 socerorum
1424 1518 1484 1574 in
1514 1520 1680 1591 arvis,

575 1600 696 1658 Sub
721 1617 854 1674 rege
882 1596 1076 1667 Medo,
1106 1595 1335 1652 Marsus
1360 1607 1419 1653 et
1444 1598 1727 1674 Appulus,

575 1678 928 1738 Anciliorum
956 1687 1015 1732 et
1042 1675 1289 1733 nominis
1310 1686 1375 1732 ‘et
1400 1687 1546 1752 togae

649 1757 900 1825 Oblitus,
929 1766 1266 1829 aeternaeque
1296 1755 1510 1826 Vestae,

727 1835 1011 1893 Incolumi
1040 1833 1185 1891 Jove
1210 1845 1270 1890 et
1295 1834 1437 1891 urbe
1466 1835 1692 1895 Romal

572 1917 700 1975 Hoc
727 1925 956 1972 caverat
981 1931 1144 1970 mens
1170 1914 1404 1988 provida
1430 1914 1666 1991 Reguli,

571 1993 980 2054 Dissentientis
1007 1992 1432 2046 conditionibus

643 2073 861 2142 Foedis,
892 2081 951 2128 et
976 2067 1235 2143 exemplo
1261 2068 1507 2125 trahenti

719 2151 1045 2212 Perniciem
1074 2147 1309 2204 veniens
1336 2147 1397 2203 in
1424 2167 1627 2223 aevum,

572 2236 635 2294 Si
661 2252 776 2292 non
803 2231 1012 2307 periret
1039 2228 1458 2285 immiserabilis

568 2314 806 2390 Captiva
830 2312 1025 2386 pubes„
1095 2312 1130 2338 “
1153 2307 1333 2383 Signa
1360 2327 1469 2383 ego
1495 2309 1731 2369 Punicis

650 2392 840 2450 Affixa
865 2388 1136 2457 delubris,
1163 2398 1221 2442 et
1247 2405 1407 2443 arma

725 2469 1003 2527 Militibus
1030 2466 1155 2523 sine
1183 2466 1401 2535 eaede,'’
1425 2465 1586 2539 dixit,

570 2556 606 2584 “
631 2550 866 2626 Direpta
893 2548 1043 2605 vidi:
1086 2545 1203 2603 vidi
1230 2563 1342 2620 ego
1369 2543 1582 2602 civium

568 2632 806 2690 Retorta
832 2641 995 2703 tergo
1021 2624 1257 2683 brachia
1281 2624 1482 2695 libem,

645 2710 956 2782 Portasque
986 2724 1098 2761 non
1128 2705 1373 2773 clausas,
1401 2713 1460 2759 et
1486 2721 1620 2761 am

723 2787 910 2844 Marte
939 2784 1050 2841 coli
1077 2783 1344 2859 populata
1371 2792 1579 2840 nostro.

565 2868 726 2925 Auro
753 2883 1029 2942 repensus
1054 2864 1274 2920 seilicet
1301 2862 1485 2919 acrior

566 2945 735 3004 Miles
762 2945 1004 3002 redibit?
1071 2942 1318 3019 Flagitio
1344 2941 1551 2999 additis

638 3026 948 3083 Damnum.
1012 3021 1215 3097 Neque
1243 3023 1479 3079 amissos
1506 3021 1724 3080 colores

718 3104 883 3161 Lana
908 3102 1078 3158 refert
1104 3102 1387 3159 medioata
1415 3103 1573 3171 fuco;

563 3183 692 3241 Nee
718 3202 853 3240 vera
878 3182 1072 3251 virtue,
1099 3199 1273 3255 quum
1301 3181 1478 3239 semel
1506 3183 1739 3255 excidit,

562 3262 742 3321 Curat
755 3261 958 3337 reponi
987 3261 1375 3318 deterioribus,

641 3342 705 3398 Si
729 3351 947 3417 pugnat
967 3341 1240 3397 extricata
1268 3341 1463 3397 densis

716 3419 899 3476 Cerva
924 3420 1137 3495 plagis3
1179 3419 1289 3474 erit
1310 3419 1407 3473 ille
1435 3415 1611 3484 fortis,

561 3499 685 3562 Qui
712 3500 941 3574 perfidis
969 3516 1031 3552 se
1059 3495 1304 3551 credidit
1333 3492 1621 3561 hostibus3

564 3577 642 3637 Et
668 3577 853 3635 Marte
875 3577 1085 3634 Poenos
1112 3581 1360 3648 proteret
1386 3570 1581 3643 altero,
1621 3583 1626 3592 ·

637 3656 763 3720 Qui
794 3658 912 3714 lora
936 3652 1215 3712 restrictis
1238 3651 1468 3708 lacertis
1521 3673 1526 3678 ·

734 3735 931 3792 Sensit
954 3735 1129 3803 iners,
1158 3731 1454 3807 timuitque
1481 3740 1739 3789 mortem·

560 3813 703 3890 Hie,
731 3814 887 3872 unde
914 3813 1086 3872 vitam
1111 3822 1361 3869 sumeret
1386 3811 1623 3883 inscius,

2165 1681 2240 1742 10

2165 2075 2239 2133 15
