2621 4297
686 659 781 750 Q.
862 654 1430 732 HORATII
1520 653 2014 730 FLACCI

918 921 1786 989 EPISTOLARUM

1024 1156 1234 1205 LIBER
1288 1154 1678 1205 SECUNDUS.

1110 1569 1518 1629 EPISTOLA
1546 1570 1593 1629 1.

1124 1708 1205 1746 AD
1232 1706 1577 1747 AUGUSTUM.

442 1810 636 1874 Quum
662 1820 744 1868 tot
771 1809 1052 1867 sustineas
1078 1819 1137 1866 et
1164 1819 1324 1866 tanta
1351 1808 1579 1883 negotia
1605 1809 1776 1881 solus,

443 1889 568 1947 Res
595 1888 767 1946 Italas
795 1889 966 1946 armis
993 1887 1209 1958 tuteri3‚
1235 1888 1485 1944 moribus
1511 1906 1699 1960 ornes,

443 1968 696 2045 Legibus
721 1970 1014 2039 emendes,
1043 1966 1104 2024 in
1130 1967 1361 2042 publiea
1386 1966 1686 2023 commoda
1711 1985 1970 2042 peccem,

444 2048 508 2106 Si
535 2049 706 2124 longo
730 2067 992 2106 sermone
1019 2065 1205 2104 morer
1231 2057 1332 2103 tua
1357 2056 1630 2120 tempora,
1657 2046 1869 2105 Caesar.

522 2126 828 2199 Romulus,
856 2138 914 2185 et
941 2126 1112 2184 Liber
1138 2137 1319 2200 pater,
1347 2135 1406 2182 et
1431 2142 1565 2181 oum
1593 2124 1828 2184 Castore
1856 2125 2076 2200 Pollux,

443 2208 579 2264 Post
605 2207 861 2282 ingentia
888 2206 1056 2275 faeta,
1084 2206 1321 2261 deorum
1349 2204 1410 2260 in
1439 2204 1651 2279 templa
1676 2206 1910 2281 recepti,

442 2285 596 2343 Dum
624 2297 801 2342 terras
830 2284 1237 2356 hominumque
1265 2282 1463 2340 colunt
1487 2301 1690 2358 genus,
1719 2303 1918 2360 aspera
1944 2285 2094 2345 bella

442 2362 827 2438 Componunt,
857 2380 1020 2437 agros
1047 2362 1358 2437 assignant,
1386 2362 1594 2437 oppida
1620 2365 1894 2436 condunt,

443 2440 743 2499 Ploravere
770 2441 889 2498 suis
917 2459 1033 2498 non
1062 2441 1405 2516 respondere
1434 2440 1679 2498 favorem

561 2531 744 2578 ratum
772 2520 1009 2578 meritis,
1093 2519 1290 2577 Dirum
1320 2520 1417 2595 qui
1443 2520 1708 2579 contudit
1736 2522 1993 2597 1·de

504 2611 713 2675 otaque
741 2600 894 2658 fatali
921 2609 1182 2675 portenta
1209 2599 1400 2656 labore
1428 2599 1672 2674 subegit,
1759 2623 1774 2636 ν

442 2678 735 2754 Comperit
761 2679 1033 2736 invidiam
1060 2696 1327 2754 supremo
1352 2677 1466 2735 fine
1494 2679 1728 2738 domari.

442 2756 570 2814 Urit
596 2758 750 2814 enim
779 2758 995 2833 fulgore
1024 2776 1147 2827 suo,
1173 2757 1270 2831 qui
1297 2768 1611 2832 praegravat
1637 2769 1789 2815 artes

444 2834 602 2892 Infra
627 2855 688 2893 se
714 2836 957 2912 positas:
999 2836 1316 2893 exstinctus
1343 2836 1623 2894 amabitur
1651 2836 1819 2896 idem.

441 2913 714 2974 Praesenti
742 2914 844 2974 tibi
871 2926 1121 2971 maturos
1150 2913 1422 2987 largimur
1450 2915 1709 2985 honores,

440 2990 840 3067 Jurandasque
866 3003 1026 3048 tuum
1054 3011 1153 3067 per
1181 3010 1391 3048 nomen
1420 2994 1683 3067 ponimus
1710 3012 1855 3065 arae,

441 3068 543 3126 Nil
570 3071 846 3134 oriturum
875 3067 1034 3140 alias,
1064 3069 1142 3126 nil
1170 3080 1358 3128 ortum
1387 3070 1500 3128 tale
1528 3071 1784 3132 fatentes.

443 3148 560 3205 Sed
586 3157 717 3205 tuus
744 3148 839 3204 hio
865 3149 1126 3223 populus,
1155 3149 1383 3224 sapiens
1410 3160 1470 3208 et
1489 3149 1675 3225 justus
1702 3150 1762 3210 in
1785 3169 1928 3224 uno,

442 3225 534 3284 Te
562 3227 768 3284 nostris
797 3227 1058 3299 ducibus,
1087 3239 1144 3285 te
1171 3227 1361 3285 Graiis
1388 3228 1773 3301 anteferendo,

443 3305 666 3364 Caetera
693 3305 1051 3381 nequfiqamm
1079 3307 1248 3363 simili
1276 3306 1496 3366 ratione
1522 3308 1805 3382 modoque

443 3384 743 3454 AEstimat;
785 3395 862 3457 et,
891 3385 1002 3444 nisi
1027 3403 1153 3459 ,quae
1179 3384 1345 3441 terris
1372 3396 1589 3446 semota
1614 3386 1846 3460 suisque

442 3462 825 3538 Temporibus
852 3463 1126 3524 defuncta
1152 3463 1324 3534 videt,
1355 3463 1566 3524 fastidit
1591 3475 1649 3524 et
1669 3464 1829 3528 odit:

441 3542 543 3598 Sic
570 3541 751 3599 fautor
779 3552 1051 3613 veterum,
1076 3552 1144 3599 ut
1170 3542 1393 3602 tabulas
1417 3562 1659 3620 pecuare
1685 3554 1959 3615 vetanus,

440 3618 609 3680 Quas
636 3619 723 3675 bis
751 3619 1000 3694 quinque
1020 3620 1132 3682 -viri
1156 3632 1488 3692 sanxerunt,
1518 3622 1733 3688 findens
1756 3639 1957 3699 regum

443 3695 553 3751 Vel
578 3695 778 3764 Gabiis
796 3697 892 3756 wel
903 3729 909 3734 ·
920 3716 1067 3758 oum,
1081 3699 1279 3774 rigidis
1296 3710 1527 3774 aaequata
1541 3700 1803 3774 Sabinis,

443 3769 784 3830 Pontificum
812 3774 1263 3845 lier..wnosa=
1276 3778 1802 3853 voluminaznflum,

445 3844 686 3904 Dietitet
712 3850 942 3910 Albano
969 3849 1169 3910 Musas
1196 3854 1257 3911 in
1284 3864 1479 3914 monte
1504 3855 1742 3918 locutu.

2277 2524 2345 2583 1⁰

2273 2916 2343 2973 15
