2621 4297
357 282 479 378 ἰη
1014 315 1078 372 Q.
1113 314 1409 365 110an
1440 313 1691 365 nacci

433 457 752 520 certatim:
793 458 1027 516 tandem
1056 458 1237 516 fessus
1265 457 1512 516 dormire
1538 457 1717 515 viator

440 537 683 613 Incipit3
726 557 795 594 ac
821 538 1010 594 missae
1037 550 1262 613 pastum
1290 537 1608 594 retinacula
1634 535 1804 592 mulae

438 615 500 673 Ν
505 627 640 674 auta
665 617 824 692 piger
852 636 989 673 saxo
1017 616 1237 692 religat,
1265 616 1562 690 stertitque
1591 614 1849 690 supinus.

439 693 685 770 Jamque
713 696 836 752 dies
863 695 1079 767 aderat,
1106 714 1281 769 quum
1312 696 1393 751 nil
1420 695 1730 770 procedere
1757 693 1983 751 lintrem
2265 695 2348 754 m

439 773 767 842 Sentimu83
810 775 996 831 donec
1023 775 1356 831 cerebrosus
1384 772 1595 848 prosilit
1624 791 1791 844 unus,

439 852 535 909 Ac
563 853 730 909 mulae
758 864 1058 927 nautaeque
1083 864 1258 926 caput
1285 853 1620 927 lumbosque
1647 852 1869 927 saligno

440 929 619 988 Fuste
651 932 836 989 dolat:
879 932 1079 1005 quarta
1109 932 1199 988 vix
1227 933 1461 988 demum
1489 930 1824 1005 exponimur
1853 929 2009 987 hori.

438 1009 563 1067 Ora
589 1029 903 1085 manusque
930 1011 1031 1068 turi
1059 1011 1318 1082 lavimus,
1350 1010 1617 1080 Feronia,
1646 1009 1894 1085 lympha.

441 1085 630 1146 Millia
654 1100 777 1145 tum
807 1090 999 1165 pransi
1026 1090 1138 1146 tria
1165 1090 1436 1165 repimus,
1465 1100 1633 1164 atque
1660 1090 1920 1146 subimus
2261 1089 2341 1147 25

440 1166 780 1242 Impositum
809 1169 960 1227 saxis
986 1165 1103 1225 late
1134 1168 1516 1226 candentibus
1545 1169 1767 1225 Anxur.

440 1245 581 1304 Huc
609 1259 880 1304 venturus
906 1258 1030 1305 erat
1058 1246 1369 1319 Maecenas,
1396 1248 1644 1322 optimus
1671 1258 1840 1322 atque

440 1324 746 1397 Cocceius,
775 1326 933 1383 missi
961 1328 1184 1401 magnis
1210 1329 1282 1382 de
1313 1327 1483 1383 rebus
1510 1338 1748 1400 uterque

440 1402 665 1480 Legati,
694 1424 918 1461 aversos
946 1405 1093 1461 soliti
1115 1423 1459 1478 componere
1487 1404 1718 1461 amicos.

438 1481 562 1538 Hic
588 1484 772 1540 oculis
797 1502 907 1557 ego
934 1483 1101 1557 nigra
1126 1482 1269 1539 meis
1296 1482 1531 1556 collyria
1558 1482 1747 1557 lippus
2262 1483 2341 1542 3⁰

440 1558 690 1617 Illinere.
775 1560 1003 1617 Interea
1032 1560 1323 1617 Maecenas
1351 1560 1582 1618 advenit
1609 1571 1778 1635 atque

438 1637 745 1709 Cocceius,
773 1639 1089 1714 Capitoque
1118 1638 1285 1695 simul
1317 1638 1613 1711 Fonteius,
1640 1640 1712 1696 ad
1742 1657 1999 1713 unguem

440 1715 657 1774 Factus
683 1719 875 1789 homo,
903 1717 1146 1790 Antoni,
1175 1737 1291 1775 non
1321 1730 1385 1776 ut
1412 1715 1599 1793 magis
1625 1718 1788 1790 alter,
1815 1718 2055 1778 amicus.

518 1794 755 1854 Fundos
784 1797 1019 1855 Aufidio
1045 1798 1237 1855 Lusco
1261 1808 1502 1873 praetore
1524 1798 1765 1855 libenter

438 1873 801 1949 Linquimus,
830 1876 1019 1934 insani
1046 1877 1299 1934 ridentes
1326 1876 1562 1952 proemia
1587 1876 1809 1947 scribae,
2261 1879 2341 1936 35

438 1953 798 2026 Praetextatu,
826 1966 884 2012 et
909 1956 1084 2014 latum
1114 1957 1360 2027 clavum,
1387 1974 1698 2031 prunaeque
1726 1954 2000 2013 batillum.

439 2032 510 2090 In
541 2032 961 2092 Mamurrarum
989 2036 1124 2093 lassi
1153 2036 1363 2095 deinde
1392 2036 1533 2092 urbe
1561 2053 1880 2107 manemus,

441 2109 706 2172 Muraenzi
731 2115 1024 2190 praebente
1050 2116 1306 2187 domum,
1335 2114 1617 2191 Capitone
1645 2114 1913 2172 culinam.

517 2192 752 2251 Postera
778 2194 876 2252 lux
899 2195 1077 2252 oritur
1105 2193 1285 2251 multo
1315 2193 1636 2268 gratissima
1660 2213 1673 2251 :
1715 2212 1962 2269 namque

437 2267 657 2329 Plotius
682 2283 741 2328 et
766 2272 978 2328 Varius
1006 2273 1294 2329 Sinuessae
1319 2271 1705 2347 Virgiliusque
2260 2274 2340 2332 4⁰

435 2347 802 2418 Occurrunt3
844 2351 1069 2422 animae,
1096 2350 1294 2424 quales
1319 2370 1504 2425 neque
1532 2350 1895 2409 candidiores

435 2426 626 2484 Terra
650 2427 802 2499 tulit,
826 2447 1011 2504 neque
1036 2430 1198 2504 queis
1218 2449 1312 2487 me
1339 2429 1414 2487 sit
1439 2429 1756 2487 devinctior
1784 2430 1939 2487 alter.

433 2504 495 2564 Ο
521 2506 618 2581 qui
649 2508 979 2583 complexus
1006 2519 1065 2566 et
1090 2509 1304 2585 gaudia
1329 2522 1544 2584 quanta
1571 2508 1830 2566 fuerunt!

435 2583 536 2642 Nil
565 2604 675 2662 ego
700 2587 1041 2645 contulerim
1062 2587 1322 2663 jucundo
1345 2607 1518 2645 sanus
1546 2587 1752 2644 amico.

435 2663 709 2723 Proxima
735 2665 1032 2741 Campano
1057 2667 1216 2741 ponti
1242 2686 1370 2741 quae
1398 2667 1591 2724 villula
1616 2677 1832 2726 tectum
1878 2677 1887 2684 '
2255 2668 2335 2727 45

434 2742 705 2814 Praebuit,
732 2755 792 2801 et
816 2745 1069 2819 parochi,
1095 2764 1222 2821 quae
1248 2747 1479 2818 debent,
1507 2745 1666 2822 ligna
1692 2746 1996 2820 salemque.

434 2819 596 2878 Hinc
623 2823 762 2879 muli
790 2823 1006 2899 Capuae
1036 2825 1275 2881 clitellas
1301 2838 1554 2899 tempore
1581 2835 1818 2898 ponunt.

432 2898 656 2959 Lusum
684 2901 727 2957 it
754 2900 1076 2971 Maecenas;
1117 2903 1424 2960 dormitum
1453 2922 1563 2978 ego
1591 2903 2010 2978 virgiliusque:

432 2977 700 3053 Namque
728 2980 843 3054 pila
869 2980 1037 3055 lippis
1063 2979 1361 3037 inimicum
1390 2992 1447 3038 et
1473 2982 1670 3038 ludere
1698 2982 1910 3039 crudis.

513 3056 672 3114 Hinc
699 3077 805 3115 nos
832 3058 1066 3115 Cocceii
1096 3059 1295 3135 recipit
1323 3060 1651 3136 plenissima
1678 3061 1827 3132 villa,
2250 3062 2332 3121 5⁰

425 3133 585 3196 Quae
612 3154 781 3210 super
809 3148 895 3194 est
922 3136 1109 3196 Caudi
1138 3157 1442 3214 cauponas.
1526 3139 1703 3197 Nunc
1730 3139 1869 3197 mihi
1890 3139 2092 3216 paucis

430 3214 720 3272 Sarmenti
748 3234 957 3273 scurrae
983 3235 1234 3293 pugnam
1264 3217 1557 3293 Messique
1584 3220 1811 3291 Cicirri,

429 3290 623 3366 Musa,
652 3294 820 3351 velim
850 3314 1160 3365 memores;
1203 3310 1262 3355 et
1287 3317 1401 3373 quo
1426 3308 1585 3374 patre
1614 3309 1783 3355 natus
1809 3307 2049 3374 uterque

428 3372 753 3431 Contulerit
777 3374 921 3432 lites,
992 3374 1173 3433 Messi
1200 3377 1417 3434 clarum
1445 3395 1627 3453 genus
1653 3376 1829 3447 Osci3
1856 3442 1864 3449 ,

428 3451 717 3510 Sarmenti
745 3454 980 3512 domina
1004 3465 1202 3513 exstat.
1286 3457 1383 3513 Ab
1411 3457 1498 3514 his
1526 3456 1833 3533 majoribus
1858 3455 1969 3515 orti
2246 3456 2327 3516 66

427 3528 524 3588 Ad
551 3550 803 3606 pugnam
832 3532 1058 3593 venere.
1143 3536 1303 3593 Prior
1333 3537 1700 3595 Sarmentus:
1744 3540 1780 3567 “
1805 3535 1956 3611 Equi
1981 3546 2041 3594 te

426 3606 572 3666 Esse
600 3610 702 3666 feri
729 3612 973 3670 similem
999 3615 1185 3672 dico.’'
1268 3615 1583 3672 Ridemus:
1624 3627 1683 3674 et
1710 3615 1833 3691 ipse

426 3680 697 3772 Messius,
729 3693 765 3718 “
782 3689 1093 3764 Accipio'’;
1134 3704 1305 3767 caput
1332 3685 1390 3749 et
1416 3704 1618 3750 movet.
1702 3698 1738 3723 “
1757 3692 1815 3749 Ο
1842 3704 1944 3752 tua
1967 3711 2150 3758 cornu

425 3758 508 3847 Ni
536 3761 678 3820 soret
702 3777 936 3824 exsecto
963 3767 1172 3838 frons,''
1203 3770 1404 3844 inquit,
1434 3775 1470 3800 “
1488 3771 1626 3843 quid
1655 3770 1896 3844 faceres,
1921 3790 2095 3848 quum

426 3835 529 3895 Sic
555 3841 789 3900 mutilus
812 3844 1130 3902 minitaris?
1148 3847 1181 3873 ’'
1263 3850 1348 3905 At
1373 3848 1457 3906 illi
1484 3848 1636 3906 foeda
1659 3849 1897 3912 cicatrix
2243 3850 2324 3910 60
