2621 4297
294 307 419 372 ιω
937 306 1002 365 o.
1036 305 1333 357 nomm
1363 304 1617 356 mccx

1011 529 1332 588 SATIRA
1374 529 1545 588 VIII.

368 688 537 747 Onu
563 699 800 746 truncus
826 708 984 747 eram
1011 690 1276 762 ficulnus,
1305 690 1507 747 inutile
1533 689 1775 766 lignum,

366 768 572 831 Quum
600 769 774 839 faber,
804 769 1057 826 incertus
1085 788 1382 826 scamnum
1412 770 1697 826 faceretne
1726 769 2013 844 Priapum,

368 846 578 905 Maluit
603 867 729 905 esse
755 848 945 905 deum.
1014 847 1177 905 Deus
1205 846 1343 905 inde
1372 867 1499 923 eg0,
1529 849 1718 905 furum
1746 849 2045 923 aviumque

368 924 624 983 Maxima
652 927 922 984 formido:
966 946 1100 984 nam
1129 927 1281 984 sures
1308 928 1507 984 dextra
1534 931 1785 999 coercet,
1826 957 1831 965 ·

369 1004 480 1062 Ast
506 1007 858 1081 importunas
885 1005 1142 1064 volucres
1170 1007 1228 1064 in
1259 1006 1469 1064 vertice
1498 1008 1717 1063 arundo

368 1083 578 1142 Terret
599 1085 731 1157 fixa,
762 1095 1022 1160 vetatque
1050 1087 1211 1143 novis
1237 1086 1535 1144 considere
1553 1086 1613 1143 in
1642 1084 1832 1143 hortis.

368 1162 505 1221 Huc
531 1163 690 1240 prius
718 1165 976 1240 angustis
1004 1166 1188 1241 ejecta
1216 1167 1494 1222 cadavera
1520 1165 1680 1222 cellis

367 1242 692 1301 Conservus
719 1245 816 1302 vili
840 1246 1120 1319 portanda
1146 1244 1371 1303 locabat
1397 1246 1457 1302 in
1486 1246 1635 1302 arca.

366 1321 499 1380 Hoc
526 1324 747 1381 miserae
773 1324 927 1400 plebi
955 1325 1138 1381 stabat
1165 1344 1468 1382 commune
1496 1324 1840 1400 sepulcrum,

364 1401 679 1460 Pantolabo
706 1421 937 1474 scurrae,
965 1402 1444 1477 Nomentanoque
1473 1404 1681 1478 nepoti.
1797 1464 1806 1476 ,

364 1477 526 1537 Mille
553 1483 729 1557 pedes
750 1482 811 1538 in
841 1482 1043 1554 fronte,
1072 1492 1356 1539 trecentos
1378 1483 1576 1558 cippus
1603 1482 1664 1539 in
1694 1500 1895 1556 agrum

362 1557 483 1615 Hic
510 1560 713 1629 dabat3
758 1561 1014 1618 haeredes
1041 1570 1473 1618 monumentum
1502 1565 1576 1618 he
1604 1571 1947 1635 sequeretur.

361 1635 540 1695 Nunc
566 1639 702 1696 licet
730 1638 999 1714 Emuiliis
1026 1641 1279 1698 habitare
1306 1641 1647 1713 salubribuS‚
1669 1651 1838 1716 atque

363 1716 596 1793 Aggere
623 1719 685 1775 in
713 1719 907 1794 aprico
931 1721 1179 1796 spatiari,
1208 1740 1321 1795 quo
1348 1718 1518 1778 modo
1548 1721 1737 1778 tristes

361 1795 531 1856 Albis
557 1797 857 1857 informem
884 1801 1221 1875 spectabant
1245 1801 1472 1858 ossibus
1493 1818 1710 1876 agrum.

359 1875 565 1937 Quum
592 1878 878 1936 mihi-non
902 1877 1130 1938 tantum
1158 1880 1441 1954 furesque,
1471 1880 1715 1953 seraeque
1744 1880 1923 1935 suetae

361 1949 540 2013 Hunc
567 1976 770 2016 vexare
797 1959 1008 2032 locum,
1036 1978 1189 2016 curae
1217 1971 1352 2017 sunt
1379 1970 1547 2035 atque
1573 1958 1771 2030 labori,

357 2032 663 2095 Quantum
691 2038 1042 2096 carminibus
1067 2058 1193 2114 quae
1221 2049 1446 2099 versant
1474 2050 1641 2113 atque
1669 2037 1908 2095 venenis

359 2111 665 2175 Humanos
686 2118 940 2179 animos:
983 2119 1086 2176 has
1112 2114 1270 2177 nullo
1294 2119 1532 2196 perdere
1560 2135 1787 2193 possum

359 2189 494 2253 Nec
519 2198 818 2271 prohibere
846 2199 1033 2268 mod0,
1062 2198 1230 2254 simul
1258 2216 1328 2254 ac
1356 2217 1499 2271 vaga
1524 2198 1662 2253 luna
1687 2199 1961 2253 decorum

299 2273 307 2282 '
356 2270 594 2331 Protulit
619 2294 703 2345 os,
731 2276 870 2349 quin
897 2293 1026 2332 ossa
1050 2274 1262 2349 legant,
1292 2276 1605 2349 herbasque
1632 2285 1928 2332 nocentes.

436 2351 573 2408 Vidi
600 2364 826 2428 egomet
852 2353 1018 2428 nigra
1046 2354 1401 2425 succinctam
1429 2354 1634 2411 vadere
1659 2352 1810 2429 palla

357 2427 683 2503 Canidiam,
710 2433 953 2507 pedibus
979 2433 1150 2490 nudis
1177 2453 1453 2509 passoque
1481 2433 1707 2509 capi110,

357 2506 506 2566 Cum
537 2511 767 2586 Sagana
796 2511 1006 2588 majore
1034 2513 1348 2570 ululantem
1373 2534 1387 2583 ;
1432 2514 1610 2590 pallor
1638 2524 1903 2586 utrasque

353 2584 597 2648 Fecerat
623 2591 934 2651 horrendas
961 2604 1211 2668 aspectu.
1283 2593 1555 2668 Scalpere
1583 2603 1790 2651 terram

353 2665 678 2746 Unguibus,
705 2681 764 2729 et
789 2671 999 2746 pullam
1029 2672 1295 2730 divellere
1325 2669 1617 2731 mordicus
1638 2688 1845 2748 agnam

353 2744 701 2823 Coeperunt:
744 2769 910 2808 cruor
940 2751 999 2808 in
1031 2751 1239 2809 fossam
1267 2752 1560 2824 confusuS‚
1590 2762 1654 2808 ut
1682 2748 1819 2809 inde

356 2828 561 2900 Manes
587 2828 880 2902 elicerent,
911 2831 1131 2887 animas
1148 2848 1429 2905 vresponsa
1457 2832 1705 2888 daturas.

354 2907 551 2965 Lanea
576 2917 633 2965 et
658 2907 877 2984 effigies
903 2920 1046 2980 erat,
1077 2909 1251 2965 altera
1278 2927 1484 2978 cerea3
1527 2910 1705 2985 major

350 2986 568 3059 Lanea‚
595 3006 725 3061 quae
749 2988 933 3062 poenis
960 2998 1350 3062 compesceret
1379 2987 1719 3047 inferiorem.

351 3064 540 3124 Cerea
567 3065 893 3140 suppliciter
921 3066 1121 3137 stabat,
1152 3067 1468 3140 servilibus,
1497 3078 1670 3144 utque

352 3144 483 3203 Jam
509 3145 777 3221 peritura,
806 3145 1005 3201 modis.
1076 3145 1340 3204 Hecaten
1370 3159 1533 3205 vocat
1560 3149 1737 3207 altera
1763 3167 1993 3225 saevam,

352 3224 555 3283 Altera
580 3222 937 3299 Tisiphonen
960 3243 972 3281 :
1014 3236 1307 3301 serpentes
1335 3238 1503 3301 atque
1530 3229 1752 3286 videres

334 3303 617 3363 'Infernas
643 3322 830 3361 errare
858 3323 1065 3375 canes3
1108 3305 1416 3382 lunamque
1438 3307 1758 3380 rubentem,

346 3382 446 3447 Ne
474 3384 616 3442 foret
642 3383 731 3440 his
757 3384 934 3456 testiS,
961 3394 1087 3460 post
1113 3403 1324 3461 magna
1348 3386 1525 3443 latere
1553 3388 1829 3462 sepulcra.

351 3461 602 3522 Mentior
630 3473 687 3521 at
714 3464 763 3521 si
787 3464 944 3538 quid,
973 3464 1182 3527 merdis
1209 3476 1381 3541 caput
1408 3465 1670 3541 inquiner
1697 3468 1842 3528 albis

351 3540 666 3600 Corvorum
682 3562 703 3611 ς»
742 3554 911 3617 atque
939 3544 1000 3600 in
1022 3563 1115 3603 me
1143 3545 1375 3602 veniant
1403 3546 1646 3604 mictum·
1671 3558 1839 3623 atque
1866 3560 2130 3609 cacatum

353 3617 544 3676 Julius
569 3630 628 3676 et
655 3620 866 3694 fragilis
894 3621 1152 3680 Pediatia
1180 3623 1379 3698 furque
1408 3625 1689 3684 veranus.

355 3694 598 3768 Singula
620 3698 754 3770 quid
784 3703 1133 3756 memorem?
1172 3720 1286 3775 quo
1313 3712 1480 3777 pacto
1500 3704 1717 3763 alterna
1743 3705 2046 3780 loquentes

353 3770 583 3830 Umbrae
610 3790 745 3835 cum
770 3776 1001 3849 sagana
1030 3779 1364 3837 resonarint>
1377 3780 1535 3837 triste
1561 3792 1619 3838 et
1645 3795 1875 3845 acutum
1897 3807 1913 3853 ς

353 3846 542 3925 thue
567 3849 689 3924 lupi
714 3852 946 3911 barbam
972 3854 1142 3911 variae
1168 3873 1302 3913 cum
1329 3858 1502 3915 dente
1529 3860 1776 3919 colubrae

2197 1402 2269 1459 1⁰

2192 1798 2265 1855 15

2173 3790 2254 3851 40
