2621 4297
979 328 1380 382 cARmNUM
1412 333 1545 384 LIB.
1580 335 1623 385 1.

1045 547 1216 608 ODE
1263 553 1527 613 XXVII.

1126 687 1209 727 An
1234 688 1459 730 LYRAM.

618 782 934 842 Poscnmn
951 827 965 841 .
985 827 998 841 .
1019 828 1033 842 .
1051 785 1099 842 si
1126 787 1261 861 quid
1289 790 1456 846 vacui
1482 791 1589 848 sub
1615 792 1817 852 umbri

615 861 881 920 Lusfmus
908 872 1120 935 tecum,
1150 867 1299 939 quod
1328 878 1386 924 et
1413 870 1567 926 hunc
1596 870 1655 928 in
1681 889 1898 932 annum

617 941 802 1013 Vivat,
830 951 889 998 et
912 942 1104 1018 plures
1119 963 1133 1011 ;
1178 958 1302 1019 ag'e,
1334 947 1428 1003 dic
1456 948 1746 1022 Latinum,

924 1020 1173 1094 Barbite,
1202 1042 1455 1101 carmen,

617 1096 821 1155 Lesbio
838 1097 1087 1175 primum
1116 1103 1404 1161 modulate
1435 1106 1572 1180 civi;
1803 1172 1816 1182 ,

612 1175 731 1238 Qui
760 1177 920 1234 ferox
945 1178 1114 1250 bello,
1141 1190 1335 1237 tamen
1363 1184 1508 1240 inter
1539 1203 1714 1258 arma,

613 1255 741 1313 Sive
762 1256 1036 1331 jactatam
1064 1258 1332 1333 religarat
1359 1262 1472 1318 udo

922 1334 1140 1392 Littore
1168 1337 1376 1410 navim,

612 1410 899 1485 Liberum,
928 1423 985 1469 et
1012 1413 1231 1488 Musae,
1262 1416 1680 1494 Veneremque,
1707 1432 1768 1481 et
1792 1423 1874 1483 illi

613 1491 847 1566 Semper
874 1492 1182 1551 haerentem
1211 1495 1479 1569 Puerum,
1508 1501 1769 1575 canebat,

566 1590 571 1595 ·
609 1569 683 1627 Et
708 1570 927 1646 Lycum
955 1571 1133 1647 nigris
1159 1575 1343 1631 oculis
1370 1577 1645 1653 nigroque

919 1649 1095 1707 Crine
1122 1653 1411 1711 decorum.

606 1725 663 1784 Ο
689 1727 868 1784 decus
895 1728 1116 1802 Phoebi,
1145 1742 1204 1788 et
1232 1733 1472 1809 dapibus
1497 1737 1747 1811 supremi

605 1805 782 1862 Grata
807 1808 1032 1864 testudo
1059 1807 1236 1882 sevis,
1264 1831 1301 1868 o
1328 1812 1584 1871 laborum

604 1882 788 1943 Dulce
816 1885 1087 1960 lenimen,
1116 1890 1258 1946 mihi
1286 1909 1513 1968 cunque
1541 1893 1696 1952 salve

831 2024 840 2033 ,
918 1964 1060 2023 Rite
1087 1969 1344 2027 vocanti!

1012 2277 1183 2336 ODE
1222 2278 1522 2342 XXVIII.

1086 2415 1168 2454 AD
1197 2415 1469 2459 SEIPSUM.

598 2515 833 2573 Paucos
862 2514 1099 2572 deorum
1125 2515 1326 2588 cultor,
1354 2527 1414 2575 et
1439 2518 1784 2596 infrequens,

599 2592 944 2651 Insanientis
971 2594 1108 2650 dum
1136 2596 1446 2670 sapientiaes

674 2671 985 2730 Consultus
1010 2691 1169 2741 erro;
1213 2692 1372 2731 nunc
1398 2673 1705 2735 retrorsum

750 2751 896 2808 Vela
922 2751 1079 2821 dare,
1108 2761 1277 2825 atque
1297 2753 1501 2811 iterare
1528 2773 1728 2815 cursus

598 2828 784 2906 Cogor
811 2829 1053 2886 relictoS.
1138 2828 1408 2906 Namque
1435 2831 1740 2911 Diespiter,

593 2906 723 2984 Igni
750 2926 988 2966 corusco
1014 2909 1209 2966 nubila
1235 2911 1494 2969 dividens

669 2983 1029 3061 Plerumque,
1057 2992 1156 3063 per
1184 3009 1389 3064 purum
1416 3002 1679 3053 tonantes

746 3064 882 3140 Egit
907 3085 1099 3140 equOS,
1127 3069 1524 3145 volucremque
1550 3091 1812 3134 currum:

589 3141 726 3204 Quo
753 3144 921 3200 bruta
945 3145 1129 3217 tellus,
1158 3158 1216 3204 et
1242 3167 1387 3224 vaga
1412 3148 1665 3225 flumina,

589 3221 724 3284 Quo
755 3223 917 3297 Styx,
945 3232 1003 3279 et
1028 3224 1194 3282 invisi
1222 3227 1450 3285 horrida
1477 3228 1710 3289 Taenari

671 3301 870 3373 Sedes,
901 3303 1315 3380 Atlanteusque
1342 3307 1473 3364 finis

743 3379 1097 3440 Concutitur.
1166 3385 1338 3441 Valet
1365 3387 1479 3442 ima
1505 3389 1741 3444 summis

586 3455 830 3531 Mutare,
858 3471 917 3517 et
944 3462 1191 3534 insignia
1218 3472 1476 3518 attenuat
1500 3462 1680 3534 Deua,

587 3536 848 3595 Obscura
871 3555 1171 3614 promens:
1214 3539 1353 3592 hinc
1379 3538 1599 3613 apicem
1626 3558 1800 3619 rapax

662 3614 917 3674 Fortuna
941 3634 1075 3673 cum
1103 3613 1342 3672 stridore
1370 3625 1538 3676 acuto

739 3694 1010 3765 Sustulit3
1052 3693 1684 3782 hioposuissegaudet.

2209 342 2283 403 19

2194 1506 2269 1567 1⁰

2127 1898 2264 1957 -15

2174 3235 2249 3295 10
