2621 4297
955 288 1017 345 Q.
1053 289 1348 338 HORATH
1383 290 1631 339 FLAccl

637 430 852 505 Foetus,
881 431 1154 488 incolumi
1182 431 1453 489 Caesare'!
1493 433 1619 505 quis
1646 431 1779 489 term

950 510 1172 566 Bellum
1202 523 1364 567 curet
1393 510 1636 566 lberiae2

632 589 845 647 Condit
870 590 1106 663 quisque
1133 590 1283 645 diem
1316 590 1555 645 collibus
1582 588 1641 645 in
1669 588 1810 662 suiS,

636 668 710 724 Et
737 669 906 724 vitem
938 669 1134 724 viduas
1161 669 1322 723 ducit
1350 669 1422 723 ad
1452 668 1711 725 arbores:

636 746 795 804 Hinc
824 748 896 804 ad
927 748 1057 803 vina
1084 748 1229 803 redit
1256 748 1438 816 laetuS,
1466 757 1524 802 et
1552 745 1743 802 alteris

948 826 1041 882 Te
1071 827 1282 882 mensis
1312 826 1543 882 adhibet
1570 826 1740 881 deum
1764 842 1776 881 ε

631 903 725 960 Te
753 903 931 960 multa
959 924 1147 978 prece,
1176 916 1232 961 te
1262 905 1617 980 prosequitur
1646 920 1804 960 mero

634 981 851 1040 Defuso
877 985 1114 1057 pateris3
1156 995 1216 1040 et
1244 984 1486 1040 Laribus
1513 995 1672 1038 tuum

632 1060 842 1119 Miscet
869 1081 1103 1133 numen,
1133 1064 1214 1119 uti
1242 1063 1470 1119 Graecia
1498 1060 1751 1118 Castoris

949 1141 1024 1198 Et
1052 1143 1244 1217 magni
1273 1161 1489 1198 memor
1519 1138 1807 1197 Herculis·

633 1223 669 1250 “
693 1219 923 1295 Longas
948 1240 985 1277 o
1012 1223 1250 1293 utinam,
1279 1222 1397 1277 dux
1425 1221 1592 1291 bone,
1624 1218 1791 1275 ferias

632 1298 873 1355 Praestes
902 1299 1197 1374 Hesperiae
1216 1302 1267 1357 !”
1313 1300 1559 1356 dicimus
1587 1299 1809 1374 integro

632 1377 793 1435 Sicci
819 1376 990 1434 mane
1021 1379 1135 1448 die,
1164 1379 1410 1434 dicimus
1440 1377 1611 1447 uvidi,

946 1455 1150 1516 Quum
1177 1457 1259 1513 sol
1287 1455 1529 1511 Oceano
1556 1454 1765 1511 subest.

1142 1736 1334 1824 *om-d
1373 1765 1446 1825 v.

1066 1905 1147 1943 AD
1173 1901 1541 1943 APOLLINEM.

629 2007 810 2080 Dm,
828 2025 1005 2083 quem
1033 2006 1219 2082 proles
1247 2004 1475 2063 Niobea
1500 2023 1726 2082 magnae

630 2087 938 2146 Vindicem
968 2086 1201 2162 linguae,
1232 2084 1547 2160 Tityosque
1576 2096 1784 2161 raptor,

629 2168 843 2238 Sensit,
866 2178 930 2224 et
957 2166 1149 2239 Trojae
1176 2162 1351 2239 prope
1384 2166 1559 2221 victor
1586 2166 1713 2221 altae

946 2244 1188 2299 Phthius
1217 2242 1495 2312 Achilles,

628 2322 869 2380 Caeteris
896 2321 1093 2395 major,
1122 2320 1222 2376 tibi
1252 2319 1416 2376 miles
1444 2320 1654 2396 impar;

629 2400 816 2459 Filius
842 2418 1166 2474 quanquam
1195 2397 1479 2456 Thetidos
1506 2399 1743 2456 marinae

628 2478 928 2541 Dardanas
955 2490 1138 2536 turres
1164 2490 1421 2553 quateret
1447 2477 1745 2536 tremenda

944 2558 1198 2634 Cuspide
1224 2576 1491 2633 pugnax:

627 2637 755 2710 Ille,
783 2638 1036 2695 mordaci
1064 2638 1217 2694 velut
1243 2637 1358 2693 icta
1386 2636 1534 2695 ferro

628 2717 825 2788 PinuS‚
855 2728 953 2773 aut
979 2717 1221 2791 impulsa
1246 2735 1548 2791 cupressus
1575 2714 1752 2788 Eure,

628 2795 880 2853 Procidit
904 2792 1040 2866 late,
1069 2796 1368 2869 posuitque
1389 2795 1600 2850 collum
1626 2795 1688 2850 in

943 2873 1185 2929 Pulvere
1214 2872 1464 2928 Teucro,

627 2950 735 3007 Ille
763 2969 898 3021 non,
928 2951 1183 3005 inclusus
1208 2968 1357 3022 equo
1385 2948 1663 3005 Minervae

627 3028 807 3086 Sacra
832 3027 1089 3098 mentito,
1119 3024 1267 3082 male
1298 3027 1525 3083 feriatos

627 3105 815 3164 Troas
834 3116 900 3162 et
925 3105 1111 3165 laetam
1139 3105 1353 3162 Priami
1382 3104 1606 3163 choreis

946 3182 1196 3242 Faileret
1221 3185 1411 3243 aulam
1435 3204 1451 3241 ε

628 3262 748 3322 Sed
775 3261 962 3338 palam
986 3264 1172 3338 captis
1197 3265 1404 3339 gravi3‚
1433 3264 1548 3319 heu
1573 3262 1763 3322 nesus!
1803 3259 1949 3325 beni

627 3340 688 3399 N
691 3342 877 3399 escios
904 3341 1006 3401 fari
1033 3359 1241 3417 pueros
1264 3342 1509 3399 Achivis

627 3420 835 3481 Ureret
854 3420 1126 3491 flammis,
1150 3421 1323 3478 etiam
1351 3420 1626 3479 ¹latentem

949 3498 1151 3557 Matris
1180 3500 1238 3557 in
1265 3499 1393 3559 alvo
1409 3519 1424 3569 3

628 3575 691 3634 N
696 3577 735 3648 i,
761 3579 876 3635 tuis
898 3580 1084 3637 victus
1112 3579 1466 3655 Venerisque
1492 3587 1668 3654 grato

630 3654 908 3727 Vocibus,
937 3658 1129 3713 divum
1159 3657 1327 3715 Pater
1353 3658 1650 3715 adnuisset

628 3732 838 3793 Rebus
858 3733 1069 3793 AEffleae
1096 3735 1310 3807 potiore
1337 3737 1542 3795 ductos

938 3811 1106 3871 Alite
1127 3830 1343 3873 muros.

2223 2713 2299 2772 10

2221 3104 2299 3164 15
