2621 4297
350 288 462 350 122
996 289 1061 346 Q.
1098 287 1392 337 HORATII
1427 286 1676 336 FLAch

416 430 719 507 Desipiant
743 442 944 488 omnes
971 428 1132 506 aeque
1162 451 1232 488 ac
1257 442 1342 503 tu,
1370 431 1466 506 qui
1492 429 1595 487 tibi
1623 447 1833 488 nomen

418 508 634 567 Insano
658 508 919 585 posuere.
989 509 1166 567 Velut
1192 511 1366 581 silvis,
1396 509 1493 565 ubi
1520 510 1729 584 passim
1932 511 1944 521 '

418 588 688 646 Palantes
715 607 868 646 error
898 600 1054 646 certo
1082 591 1154 646 de
1181 588 1406 646 tramite
1433 588 1611 662 pellit,

419 665 525 724 Ille
553 667 957 738 sinistrorsum,
988 666 1083 723 hic
1112 668 1465 724 dextrorsum
1492 666 1644 734 abit3
1688 684 1839 722 unus
1864 662 2093 740 utrique
2251 667 2334 725 50

418 742 611 818 Error,
640 746 742 802 sed
773 746 940 802 variis
969 746 1155 803 illudit
1174 746 1430 820 partibus
1454 764 1466 801 :
1512 745 1620 801 hoc
1646 754 1705 801 te

417 824 607 882 Crede
635 826 805 881 modo
835 827 1120 897 insanum,
1150 825 1330 881 nihilo
1357 834 1420 880 ut
1443 823 1749 897 sapientior
1777 822 1892 893 ille,

410 899 539 965 'Qui
567 915 624 959 te
652 904 1142 978 deridet,caudam
1170 905 1372 961 trahat.
1441 901 1547 958 Est
1573 919 1756 976 genus
1781 918 1961 957 unum

415 981 703 1053 Stultitiae,
730 983 973 1039 nihilum
1002 983 1309 1040 metuenda
1336 980 1618 1048 timentis;
1662 992 1724 1037 ut
1752 980 1933 1054 ignes,

413 1059 494 1118 Ut
521 1079 710 1136 rupes„
739 1060 1047 1136 fluviosque
1076 1062 1136 1118 in
1165 1080 1368 1136 campo
1393 1061 1617 1118 obstare
1643 1070 1941 1132 queratur:
2247 1060 2328 1121 65

417 1139 679 1197 Alterum
710 1151 768 1196 et
795 1140 929 1197 huic
957 1141 1193 1212 varium,
1222 1151 1282 1196 et
1307 1139 1493 1196 nihilo·
1515 1137 1846 1215 sapientius,
1874 1137 2040 1213 ignes

418 1217 530 1276 Per
557 1219 781 1275 medios
802 1218 1114 1294 fluviosque
1143 1219 1378 1276 ruentia.
1446 1218 1673 1275 Clamet
1699 1216 1885 1273 amica

419 1295 627 1369 Mater,
659 1299 900 1355 honesta
926 1318 1100 1369 soror,
1129 1317 1262 1355 cum
1289 1297 1567 1372 cognatiS,
1594 1307 1773 1371 pater,
1802 1313 1980 1351 uxor:

419 1380 436 1406 ‘
466 1376 585 1432 Hic
614 1376 761 1433 fossa
787 1389 872 1433 est
899 1377 1105 1452 ingens
1128 1377 1140 1432 !
1184 1376 1281 1432 hic
1308 1394 1478 1450 rupes
1505 1376 1782 1432 maxima!
1827 1392 1987 1431 serva
2010 1375 2042 1430 l’

415 1453 551 1512 Non
580 1453 761 1529 magis
789 1455 1048 1526 audierit,
1075 1452 1246 1529 quam
1276 1452 1486 1510 Fusius
1512 1453 1703 1510 ebrius
1728 1454 1885 1526 olim,
2245 1456 2329 1518 60

412 1533 615 1595 Quum
646 1533 888 1591 Ilionam
914 1534 1176 1603 edormit,
1205 1531 1464 1588 Catienis
1492 1532 1644 1589 mille
1673 1530 1958 1603 ducentiS,

417 1617 432 1642 ‘
456 1610 663 1683 Mater,
686 1624 741 1669 te
769 1612 1024 1687 appello‚'
1054 1611 1451 1669 clamantibus.
1521 1611 1678 1668 Huic
1699 1631 1808 1688 ego
1833 1614 2064 1687 vulgum

415 1689 607 1752 Eri-ori
638 1691 879 1748 similem
908 1703 1181 1749 cunctum
1212 1690 1462 1748 insanire
1489 1690 1725 1748 docebo,

415 1768 640 1827 Insanit
667 1781 882 1828 veteres
909 1780 1122 1827 statuas
1151 1768 1532 1845 Damasippus
1558 1769 1818 1827 emendo.

416 1847 649 1925 Integer
677 1862 764 1907 est
791 1849 999 1906 mentis
1026 1848 1359 1924 Damasippi
1388 1849 1670 1905 creditor?
1738 1847 1909 1906 Esto:
2238 1850 2318 1910 65

418 1932 433 1957 ‘
464 1927 685 2004 Accipe
707 1929 856 2003 quod
888 1948 1178 2004 nunquam
1208 1928 1415 1986 reddas
1441 1928 1616 1998 mihi,'
1649 1928 1695 1984 si
1725 1928 1826 1984 tibi
1856 1927 2080 2000 dicam3

416 2005 591 2063 Tune
620 2008 855 2064 insanus
881 2009 993 2065 eris
1021 2009 1070 2065 si
1098 2008 1407 2083 acceperiS,
1437 2026 1511 2063 an
1538 2003 1723 2082 magis
1750 2026 1950 2064 excors

414 2084 662 2162 Rejecta
690 2088 883 2162 praeda
908 2106 1078 2163 quam
1106 2106 1356 2164 praesens
1384 2085 1712 2142 Mercurius
1740 2086 1885 2143 sert?

416 2166 617 2222 Scribe
646 2167 845 2222 decem
875 2186 910 2223 a
935 2167 1115 2223 Nerio
1139 2186 1153 2222 :
1193 2185 1309 2222 non
1338 2176 1424 2222 est
1451 2163 1620 2234 satis;
1666 2166 1814 2222 adde
1841 2165 2064 2224 Cicutae

414 2241 633 2300 Nodosi
662 2245 881 2300 tabulas
908 2256 1139 2301 centum
1161 2264 1174 2311 ;
1219 2244 1374 2299 mille
1403 2244 1548 2300 adde
1576 2256 1844 2302 catenas:
2104 2268 2112 2274 ·
2243 2246 2321 2304 '70

415 2319 667 2396 Effugiet
692 2332 885 2379 tamen
916 2323 1040 2378 haec
1067 2323 1376 2379 sceleratus
1403 2322 1630 2379 vincula
1658 2323 1911 2381 Proteus,

410 2398 614 2460 Quum
643 2402 827 2475 rapies
854 2401 914 2458 in
938 2402 1032 2477 jus
1060 2402 1225 2459 malis
1253 2403 1533 2459 ridentem
1563 2402 1781 2474 alienis,

413 2476 544 2536 Fiet
573 2499 726 2554 aper,
754 2479 925 2538 modo
954 2482 1090 2553 avis,
1119 2478 1290 2539 modo
1320 2499 1537 2552 saxum,
1566 2492 1644 2552 et,
1666 2500 1838 2556 quum
1862 2481 2025 2552 volet,
2053 2479 2237 2541 arbor.

414 2556 479 2614 Si
508 2557 658 2616 male
688 2579 808 2617 rem
835 2579 1035 2656 gerere
1062 2560 1249 2618 insani
1277 2570 1394 2628 est3
1439 2557 1640 2617 contra
1669 2560 1837 2632 bene,
1865 2560 2024 2618 sani:

359 2661 370 2668 -
411 2636 676 2695 Putidius
704 2639 883 2696 multo
912 2639 1210 2697 cerebrum
1239 2651 1345 2710 est,
1375 2639 1513 2695 mihi
1542 2639 1732 2710 crede,
1762 2637 1975 2711 Perilli,
2239 2639 2316 2697 75

410 2713 697 2774 Dictantis
722 2718 872 2793 quod
900 2731 961 2776 tu
991 2736 1282 2793 nunquam
1309 2717 1622 2774 rescribere
1642 2718 1838 2793 possis.

411 2792 650 2866 Audire,
680 2807 845 2871 atque
873 2808 1064 2872 togam
1087 2797 1261 2872 jubeo
1289 2815 1653 2872 componere,
1681 2796 1932 2871 quisquis

315 2879 328 2892 '
409 2870 742 2931 Ambitione
769 2876 920 2933 mala
948 2886 1046 2932 aut
1073 2875 1292 2949 argenti
1321 2875 1494 2949 pallet
1522 2894 1732 2947 amore,

404 2947 687 3025 Quisquis
713 2952 953 3020 luxuria,
982 2953 1197 3010 tristive
1225 2953 1644 3027 superstitione,
2278 3020 2288 3023 ⁴

405 3028 531 3084 Aut
557 3030 667 3086 alio
694 3031 901 3086 mentis
928 3031 1124 3088 morbo
1152 3031 1300 3087 calet
1315 3051 1329 3100 3
1375 3032 1487 3087 huc
1512 3028 1747 3108 propius
1774 3051 1886 3105 me,
2235 3031 2318 3091 80

403 3104 561 3163 Dum
589 3108 769 3164 doceo
797 3108 1046 3166 insanire
1065 3128 1287 3181 omneS,
1309 3128 1408 3167 vos
1434 3110 1635 3167 ordine
1665 3111 1834 3168 adite.

404 3182 613 3242 Danda
640 3197 726 3242 est
752 3186 985 3244 ellebori
1013 3186 1193 3246 multo
1222 3207 1352 3264 pars
1380 3189 1627 3246 maxima
1656 3190 1871 3247 avaris:

402 3262 618 3324 Nescio
645 3285 717 3322 an
741 3266 1075 3341 Anticyram
1104 3267 1246 3324 ratio
1273 3268 1383 3325 illis
1410 3269 1655 3326 destinet
1680 3285 1927 3326 omnem.

387 3342 682 3401 ‘Haeredes
711 3344 936 3402 Staberi
964 3363 1244 3403 summam
1273 3345 1533 3404 incidere
1562 3348 1852 3424 sepulcro:

400 3420 482 3479 Ni
511 3423 595 3479 sic
623 3424 911 3496 fecissent,
940 3424 1315 3500 gladiatorum
1343 3425 1481 3483 dare
1508 3438 1741 3483 centum
1788 3445 1793 3450 ¹
2229 3423 2308 3483 85

399 3497 672 3558 Damnati
697 3504 906 3579 populo
932 3503 1107 3578 paria,
1138 3515 1305 3580 atque
1332 3505 1562 3581 epulum
1592 3504 1823 3562 arbitrio
1848 3504 2006 3577 Arri,

400 3576 700 3636 Frumenti
721 3593 995 3653 quantum
1017 3584 1180 3640 metit
1208 3583 1424 3641 Africa.
1499 3584 1634 3641 Sive
1660 3602 1770 3659 ego
1793 3580 1989 3659 prave,

401 3653 520 3709 Seu
543 3654 722 3728 recte,
753 3659 860 3714 hoc
887 3657 1057 3728 volui,
1084 3679 1159 3717 ne
1187 3662 1265 3717 sis
1290 3672 1525 3736 patruus
1550 3662 1728 3719 mihi!
1812 3661 2004 3720 Credo

279 3775 298 3781 -
401 3727 535 3786 Hoc
561 3732 785 3790 Staberi
810 3734 1149 3810 prudentem
1177 3739 1431 3795 animum
1459 3738 1697 3796 vidisse.
1720 3783 1733 3796 .
1759 3740 1811 3797 .”
1841 3745 1879 3771 “
1896 3740 2065 3802 Quid
2090 3758 2229 3819 ergo

399 3801 613 3877 Sensit,
639 3827 815 3882 quum
840 3829 1123 3870 summam
1147 3813 1456 3890 patrimoni
1482 3814 1807 3894 insculpere
1833 3836 1974 3878 saxo
2146 3859 2153 3864 -
2224 3818 2302 3882 9⁰
