2621 4297
632 675 727 767 Q.
808 674 1366 749 HORATII
1448 675 1931 752 FLACCI

801 921 1189 987 CARMEN
1234 922 1760 988 SAECULARE.

855 1412 937 1452 An
963 1410 1312 1450 APOLLINEM
1338 1411 1418 1448 ΕΤ
1444 1409 1701 1450 ΒῙΑΝΑΜ.

606 1512 859 1585 Pnoenn,
888 1512 1262 1587 silvarumque
1288 1521 1493 1588 potens
1520 1510 1728 1585 Diana,

606 1592 893 1650 Lucidum
918 1591 1051 1650 coeli
1077 1591 1277 1664 decus,
1305 1610 1345 1649 o
1372 1590 1599 1648 colendi

608 1672 845 1748 Semper
871 1681 931 1733 et
956 1671 1113 1741 culti,
1141 1670 1272 1727 date
1299 1688 1425 1744 quae
1452 1687 1753 1744 precamur

1077 1748 1366 1823 Tempore
1392 1749 1614 1824 prisco3

602 1829 742 1891 Quo
771 1827 1032 1903 Sibyllini
1060 1845 1338 1885 monuere
1366 1845 1561 1884 versus

605 1908 873 1984 Virgines
901 1907 1077 1964 lectas
1103 1924 1420 1981 puerosque
1448 1917 1635 1964 castos

603 1985 730 2060 Dis,
758 1986 967 2062 quibus
993 1996 1209 2060 septem
1235 1982 1505 2059 placuere
1527 1985 1720 2057 colles,

1081 2061 1292 2118 Dicere
1321 2080 1570 2120 carmen.

605 2145 774 2204 Alme
804 2142 923 2215 Sol,
953 2160 1124 2199 curru
1153 2140 1336 2199 nitido
1362 2140 1515 2198 diem
1542 2141 1639 2217 qui

605 2226 826 2284 Promis
852 2235 911 2281 et
938 2222 1111 2292 celas,
1141 2221 1399 2295 aliusque
1425 2231 1484 2278 et
1511 2222 1664 2279 idem

606 2303 901 2375 NasceriS,
928 2301 1110 2379 possis
1136 2299 1279 2357 nihil
1310 2300 1448 2357 urbe
1477 2298 1672 2359 Roma

1074 2379 1277 2436 Visere
1307 2379 1520 2454 majus!

604 2459 747 2520 Rite
775 2451 1024 2518 maturos
1051 2458 1270 2533 aperire
1297 2469 1492 2532 partus

603 2541 780 2599 Lenis
807 2539 1053 2614 Ilithyia,
1081 2547 1242 2594 tuere
1270 2546 1511 2605 matres3

485 2625 495 2638 '
606 2621 739 2678 Sive
765 2630 828 2678 tu
856 2618 1079 2675 Lucina
1104 2616 1310 2692 probas
1338 2614 1550 2685 vocari,

1079 2696 1196 2752 Seu
1222 2694 1521 2751 Genitalis,

605 2777 772 2849 Diva,
798 2776 1080 2852 producas
1106 2773 1380 2842 sobolem,
1410 2772 1756 2847 Pati-umque

604 2856 907 2932 Prosperes
933 2854 1164 2911 decreta
1190 2871 1359 2927 super
1381 2851 1651 2928 jugandis

604 2933 902 3007 Foeminis,
928 2931 1210 3010 prolisque
1238 2949 1397 2988 novae
1426 2930 1600 2988 feraci

1077 3010 1233 3086 Lege
1260 3010 1481 3067 marita.

604 3092 814 3151 Certus
838 3102 903 3149 ut
929 3091 1108 3147 denos
1135 3090 1330 3146 decies
1357 3108 1458 3165 per
1485 3105 1667 3147 annos

603 3171 779 3230 Orbis
805 3182 864 3229 et
890 3180 1095 3227 cantus
1121 3167 1434 3242 referatque
1460 3168 1645 3240 ludos,

604 3249 726 3309 Ter
752 3251 847 3308 die
873 3248 1046 3320 clarc,
1069 3247 1345 3321 totiesque
1372 3247 1534 3322 grata

1080 3325 1268 3384 Nocte
1297 3326 1635 3400 frequentes.

604 3407 834 3484 Vosque
860 3424 1090 3465 veraces
1116 3406 1416 3475 cecinisse,
1444 3404 1660 3472 Parcae,

602 3486 782 3550 Quod
809 3486 983 3544 semel
1011 3485 1230 3541 dictum
1255 3492 1362 3552 est,
1390 3479 1717 3551 stabilisque
1741 3493 1933 3537 rerum

603 3566 910 3625 Terminus
939 3572 1143 3632 servet,
1171 3560 1321 3616 bona
1342 3559 1460 3633 jam
1487 3556 1733 3632 peractis
1856 3613 1883 3626 „

1080 3638 1118 3695 J
1122 3638 1320 3713 ungite
1349 3637 1478 3693 fata.

605 3721 836 3781 Fertilis
862 3722 1089 3798 frugum
1114 3716 1447 3794 pecorisque
1478 3714 1684 3774 Tellus

692 3802 820 3859 icea
845 3803 1020 3859 donet
1046 3798 1318 3855 Cererem
1342 3795 1588 3853 corona:

607 3801 711 3939 hii:
711 3880 885 4016 trisant
912 3879 1082 3937 foetus
1107 3886 1167 3933 et
1196 3892 1356 3948 aquae
1382 3874 1641 3932 salubres

1083 3954 1161 4013 Et
1186 3953 1346 4011 Jovis
1371 3970 1541 4010 aurae.

2197 2219 2273 2278 1⁰

2195 2613 2271 2672 15
