2621 4297
945 275 1347 328 CARMINUM
1380 280 1512 331 LIB.
1546 282 1642 333 IV.

610 412 816 487 Multa,
844 417 956 491 quii
983 420 1175 477 crines
1202 422 1439 498 religata
1466 424 1664 501 fulgen.

610 492 794 550 Ridet
821 510 1055 570 argento
1079 499 1315 557 domus:
1360 522 1475 572 ara,
1504 504 1677 562 castis

611 571 826 630 Vincta
852 576 1133 648 verbeniS,
1164 590 1291 635 avet
1321 580 1610 640 immolato

1089 657 1357 732 Spargier
1384 679 1550 734 agno.

611 727 841 786 Cuncta
869 731 1098 790 festinat
1126 754 1349 807 manuS,
1382 739 1495 794 huo
1522 749 1581 796 et
1607 739 1746 798 illue

610 806 906 867 cursitant
934 812 1125 869 mixtae
1151 816 1343 890 pueris
1369 817 1602 891 puellm:

612 886 920 945 Sordidum
948 888 1190 948 flammae
1219 895 1505 970 trepidant
1532 908 1783 957 rotantes

1090 970 1322 1029 Vertioe
1353 974 1590 1034 fumum.

609 1042 687 1102 Ut
712 1053 905 1103 tamen
933 1045 1092 1104 noris
1118 1051 1326 1124 quibus
1350 1054 1647 1112 advoceris

606 1122 882 1194 Gaudiis3
924 1124 1065 1182 Idus
1092 1129 1192 1184 tibi
1222 1142 1357 1187 sunt
1384 1133 1643 1206 agendus,

604 1200 729 1265 Qui
757 1202 883 1261 dies
909 1223 1166 1262 mensem
1195 1206 1441 1264 Veneris
1470 1211 1701 1268 marinae

1083 1282 1283 1342 Findit
1313 1287 1607 1361 Aprilem:

605 1359 747 1417 Jure
773 1361 1043 1419 solemnis
1071 1364 1230 1436 mihi,
1260 1367 1621 1443 sanctiorque

607 1436 766 1496 Pene
797 1441 968 1498 natali
996 1444 1241 1518 proprio,
1270 1443 1423 1519 quod
1453 1466 1524 1503 ex
1553 1446 1664 1505 hac

607 1515 769 1575 Luoe
796 1517 1088 1578 Maecenas
1117 1540 1279 1579 meus
1306 1523 1604 1584 affluentes

1077 1601 1325 1659 Ordinat
1351 1622 1548 1663 annos.

1119 1916 1289 1974 ODE
1330 1917 1440 1977 XI.

1063 2047 1144 2088 AD
1171 2052 1506 2094 vntGlutm.

603 2147 731 2207 hu
757 2147 906 2206 veris
931 2151 1186 2225 oomites‚
1216 2172 1346 2229 quae
1373 2174 1529 2212 mare
1557 2167 1891 2233 temperant,

604 2227 917 2305 Impellunt
947 2231 1151 2290 animae
1179 2233 1357 2291 lintea
1386 2234 1689 2294 Thraeiae:

603 2305 734 2365 Jam
761 2327 872 2365 nee
899 2322 1058 2385 prata
1086 2313 1292 2388 rigent,
1322 2334 1433 2372 neo
1461 2314 1614 2374 fluvii
1643 2327 1901 2395 strepunt

920 2387 1182 2446 Hiberna
1211 2393 1340 2447 nive
1368 2397 1594 2468 turgidi.

602 2462 663 2521 N
668 2464 824 2521 idum
852 2467 1031 2540 ponit,
1062 2467 1193 2543 Ityn
1223 2468 1482 2527 flebiliter
1510 2490 1768 2546 gemens,

600 2541 809 2601 Infelix
837 2545 973 2617 aviS‚
1015 2558 1073 2603 et
1100 2547 1395 2623 Cecropiae
1422 2550 1625 2606 domus

601 2620 904 2680 AEternum
931 2627 1315 2705 opprobrium,
1342 2625 1495 2700 quod
1524 2627 1674 2685 male
1703 2628 1968 2692 barbam

918 2702 1153 2778 Regum
1179 2716 1266 2762 est
1288 2706 1404 2762 ulta
1430 2707 1713 2765 libidines,

599 2777 821 2837 Dicunt
841 2779 901 2837 iu
929 2793 1127 2841 tenero
1153 2786 1412 2860 gramine
1441 2787 1739 2863 pinguium

599 2858 885 2917 Custodes
908 2861 1101 2918 ovium
1130 2865 1385 2922 carmina
1411 2865 1620 2938 fistula,

597 2935 1012 3016 Delectantque
1040 2942 1210 2999 deum
1239 2945 1334 3002 cui
1363 2965 1539 3021 pecus
1565 2957 1624 3004 et
1648 2946 1799 3024 nigri

916 3020 1107 3078 Colles
1133 3024 1401 3080 Aroadiae
1429 3025 1673 3100 placent.

597 3095 914 3155 Adduxere
942 3098 1094 3156 sitim
1121 3112 1392 3176 tempora,
1416 3104 1620 3181 virgili
1643 3124 1658 3162 ε

598 3174 718 3232 Sed
745 3195 1005 3251 pressum
1034 3178 1269 3236 Calibus
1297 3182 1509 3240 ducere
1530 3183 1802 3244 Liberum

599 3253 665 3310 Si
690 3255 886 3330 gestis,
908 3255 1183 3332 juvenum
1216 3261 1492 3319 nobilium
1519 3263 1722 3336 aliene,

918 3334 977 3391 N
983 3338 1120 3395 ardo
1149 3339 1279 3396 vina
1306 3343 1615 3399 merebere.

599 3407 782 3469 Nardi
809 3432 1015 3488 parvus
1040 3435 1191 3489 onyx
1217 3417 1411 3474 eliciet
1437 3419 1647 3473 eadum

472 3505 484 3513 ·
593 3488 716 3553 Qui
744 3510 902 3549 nuno
932 3492 1192 3565 Sulpitiis
1218 3495 1461 3549 accubat
1489 3491 1727 3564 hori-eie,

588 3568 741 3645 ‘Spes
766 3570 980 3629 donare
1009 3587 1181 3625 novas
1207 3568 1418 3643 larguS,
1447 3587 1748 3646 amaraque

909 3648 1192 3706 Curatum
1219 3648 1411 3704 eluere
1438 3647 1655 3707 efficax.

593 3727 691 3785 Ad
720 3744 848 3801 quae
875 3728 927 3783 si
949 3747 1216 3803 properas
1241 3728 1470 3803 gaudia,
1498 3747 1631 3786 oum
1659 3730 1759 3787 tufi

592 3804 780 3866 Velox
803 3823 996 3864 meroe
1022 3808 1153 3867 veni
1177 3827 1190 3864 ε
1232 3826 1350 3866 non
1376 3826 1483 3885 ego
1510 3818 1567 3866 te
1605 3809 1748 3865 meis

2202 292 2276 350 ⁷1

2204 823 2281 884 lo

2193 2871 2267 2930 1⁰
