2621 4297
1033 296 1312 347 EronoN
1345 296 1572 349 Lmen.

633 440 860 499 Inultus
880 451 945 499 ut
964 452 1027 499 tu
1054 440 1246 498 riseris
1272 441 1523 516 Cotyttia

633 520 901 596 Vulgata,
930 539 1158 578 sacrum
1185 521 1348 578 liberi
1376 520 1727 596 Cupidinis?

633 599 708 658 Et
734 598 1295 675 Esquilini-pontifex
1324 598 1563 657 venefici

632 677 878 755 Impune
904 690 966 736 ut
993 680 1191 737 urbem
1219 680 1451 736 nomine
1479 677 1733 754 impleris
1759 682 1929 739 meo?

628 757 793 819 Quid
820 760 1082 834 proderat
1108 758 1319 815 ditasse
1347 758 1614 833 Pelignas
1641 778 1806 833 anus,

632 838 974 895 velociusve
1001 838 1298 895 miscuisse
1327 839 1578 895 toxicum
1602 840 1626 894 ‘l

632 917 752 974 Sed
778 918 1026 976 tardiora
1047 918 1161 975 fata
1189 929 1244 974 te
1274 917 1417 974 votis
1444 925 1693 975 manent.
1766 912 1779 983 ,’

633 995 867 1071 Ingrata
893 997 1100 1055 misero
1128 997 1241 1054 vita
1268 997 1535 1053 ducenda
1561 1008 1668 1067 est,
1699 998 1758 1054 in
1788 998 1916 1069 hoc,

631 1074 813 1132 Novis
841 1087 903 1133 ut
931 1096 1109 1151 usque
1136 1087 1402 1152 suppetas
1429 1075 1733 1133 doloribus.

629 1154 809 1230 Optat
833 1156 1084 1230 quietem
1110 1155 1339 1229 Pelopis
1366 1155 1575 1212 infidus
1601 1166 1778 1231 pater,

633 1236 825 1310 Egens
855 1235 1119 1311 benignae
1141 1234 1425 1292 Tantalus
1452 1254 1673 1310 semper
1694 1235 1887 1311 dapi83

630 1314 810 1389 Optat
837 1314 1210 1372 Prometheus
1235 1314 1518 1388 obligatus
1544 1314 1692 1372 aliti:

628 1392 807 1469 Optat
834 1411 1098 1467 supremo
1123 1392 1402 1449 collocare
1432 1392 1710 1466 Sisyphus

633 1472 703 1529 In
730 1482 923 1529 monte
951 1489 1182 1526 saxum:
1225 1470 1326 1526 sed
1355 1482 1546 1527 vetant
1569 1471 1727 1546 leges
1753 1470 1930 1529 Jovis.

629 1551 805 1608 Voles
832 1547 1004 1606 modo
1033 1549 1162 1605 altis
1189 1549 1416 1606 desilire
1445 1550 1711 1621 turribus,

631 1627 810 1686 Modo
838 1648 977 1684 ense
1005 1639 1206 1703 pectus
1233 1627 1452 1685 Norico
1478 1629 1774 1686 recludere
1797 1649 1811 1699 ;

629 1704 977 1782 Frustrdque
1006 1706 1194 1764 vincla
1218 1708 1432 1782 gutturi
1459 1719 1657 1765 nectes
1682 1718 1802 1781 tuo,

629 1785 950 1844 Fastidiosa
977 1787 1150 1844 tristis
1179 1786 1526 1862 aegrimonia.

627 1866 914 1924 Vectabor
943 1866 1195 1924 humeris
1221 1878 1362 1925 tunc
1389 1886 1497 1942 ego
1520 1865 1769 1924 inimicis
1793 1885 1988 1942 eques,

628 1942 890 2021 Heaeque
916 1959 1068 2003 terra
1094 1947 1261 2004 cedet
1290 1946 1623 2003 insolentiae.

626 2027 743 2097 An,
772 2045 898 2101 quae
925 2045 1150 2083 movere
1178 2044 1374 2083 cereas
1402 2025 1682 2102 imagines

655 2104 734 2164 Ut
762 2105 881 2182 ipse
910 2104 1063 2164 nosti
1090 2105 1400 2183 curiosus),
1428 2116 1486 2164 et
1512 2105 1643 2182 polo

719 2186 904 2260 ripere
932 2185 1157 2241 Lunam
1186 2185 1420 2242 vocibus
1446 2186 1656 2259 possim
1685 2186 1848 2256 meis,

624 2262 847 2319 Possim
875 2273 1154 2319 crematos
1180 2263 1429 2319 excitare
1458 2274 1727 2334 mortuos,

624 2339 1002 2414 Desiderique
1029 2350 1346 2417 temperare
1372 2341 1662 2417 poculum,

622 2418 851 2477 Plorem
880 2419 1015 2477 artis
1040 2419 1104 2478 in
1129 2430 1187 2478 te
1213 2421 1294 2478 nil
1324 2420 1586 2479 habentis
1611 2421 1870 2479 exitum'l

2219 1790 2297 1848 7⁰

2216 2188 2295 2245 75
