2621 4297
962 300 1023 357 Q.
1059 299 1353 369 HOMTH
1385 300 1635 351 FLAcc1

704 440 959 514 Tellure,
986 443 1261 500 victorum
1289 453 1525 519 nepotes

781 487 1007 579 Retulit
1033 522 1263 594 inferias
1290 521 1605 611 Jugurthge.

622 597 777 662 Quis
803 618 939 671 non,
961 599 1169 657 Latino
1196 600 1474 675 sanguine
1500 598 1785 678 pinguior,

625 677 879 754 Campus
905 678 1222 754 sepulcris
1207 678 1378 753 impia
1405 677 1603 754 proelia

702 754 993 828 Testatur,
1022 758 1390 830 auditumque
1417 754 1611 814 Medis

783 834 1078 910 Hesperiae
1106 836 1350 893 sonitum
1381 835 1606 892 ruinae‘l

622 912 747 974 Qui
772 931 1003 989 gurgeS,
1029 924 1128 976 aut
1151 933 1276 989 quae
1303 913 1540 976 flumina
1564 912 1819 988 lugubris

623 989 835 1068 Ignara
862 992 1034 1049 belli?
1073 994 1222 1066 quod
1250 1012 1406 1049 mare
1430 992 1672 1050 Dauniae

702 1068 839 1127 Non
867 1070 1262 1129 decoloravere
1290 1071 1519 1127 caedes'l

777 1148 931 1209 Quae
958 1162 1117 1210 caret
1140 1168 1241 1208 ora
1265 1168 1467 1206 cruore
1488 1149 1719 1210 nostro?

623 1225 741 1284 Sed
768 1245 863 1299 ne,
890 1228 1123 1300 relictis,
1152 1227 1325 1285 Musa
1349 1247 1577 1302 procax,
1599 1227 1765 1303 jocis,

624 1303 761 1363 Ceae
786 1316 1056 1364 retractes
1083 1326 1322 1364 munera
1349 1306 1408 1362 N
1412 1306 1603 1363 aeniae:

703 1380 940 1441 Mecum
967 1385 1208 1458 Dionaeo
1261 1385 1368 1439 sub
1395 1394 1557 1440 antro
1585 1407 1592 1414 ²
1720 1423 1736 1440 .·

788 1462 1005 1526 Quaere
1033 1462 1230 1519 modos
1255 1460 1463 1518 leviore
1489 1461 1722 1537 plectro.

1155 1767 1326 1831 ODE
1366 1773 1429 1830 II

900 1912 982 1956 AB
1010 1910 1271 1954 clusum
1299 1910 1688 1952 SALLus'rnm.

701 2011 949 2072 Nol-Lus
974 2019 1228 2101 argento
1235 2010 1390 2070 color
1417 2019 1504 2067 est
1529 2008 1714 2067 avaris

700 2091 919 2151 Abdito
937 2090 1119 2163 terris,
1151 2089 1382 2152 inimice
1408 2089 1617 2148 lamnae

699 2171 904 2247 Crispe
930 2169 1180 2238 Sallusti,
1207 2168 1318 2224 nisi
1345 2177 1658 2242 temperato

1094 2214 1406 2321 Splendeat
1432 2264 1556 2302 usu.

699 2325 870 2384 Vivet
894 2334 1125 2382 extento
1152 2324 1482 2381 Proculeius
1509 2342 1648 2395 aevo,

700 2402 892 2462 Notus
920 2404 979 2460 in
1008 2403 1205 2460 statres
1232 2402 1407 2459 animi
1434 2403 1689 2479 paterni:

705 2481 880 2543 Illum
900 2492 1047 2599 aget
1061 2481 1253 2559 pean
1280 2493 1572 2539 metuente
1600 2481 1740 2541 solvi

1094 2560 1275 2621 Fama
1301 2572 1601 2636 superstes.
1689 2618 1699 2629 ,

700 2639 901 2698 Latius
927 2658 1133 2716 regnes
1159 2639 1386 2701 avidum
1417 2639 1706 2698 domando

699 2719 993 2796 Spiritum,
1021 2716 1192 2794 quam
1220 2719 1266 2775 si
1295 2719 1533 2794 Libyam
1563 2719 1798 2779 remotis

697 2797 956 2856 Gadibus
975 2798 1203 2874 jungas,
1230 2813 1289 2854 et
1316 2809 1549 2873 uterque
1576 2798 1790 2858 Poenus

1095 2876 1318 2932 Serviat
1343 2876 1461 2931 uni.
1599 2886 1614 2893 ‘

698 2953 923 3011 Crescit
950 2953 1254 3027 indulgens
1280 2953 1389 3010 sibi
1415 2954 1571 3011 dirus
1592 2953 1871 3033 hydrops3

697 3030 829 3090 Nec
855 3032 1006 3089 sitim
1033 3031 1213 3121 pellit,
1241 3032 1352 3088 nisi
1381 3051 1556 3090 causa
1582 3032 1765 3091 morbi

700 3108 941 3187 Fugerit
966 3110 1144 3181 venis,
1172 3120 1230 3168 et
1258 3129 1501 3185 aquosus
1529 3111 1658 3181 albo

1098 3189 1359 3272 Corpore
1379 3178 1634 3266 languor.

702 3265 1020 3326 Redditum
1049 3267 1186 3342 Cyri
1215 3261 1359 3325 solio
1383 3269 1686 3340 Phraaten,

698 3345 999 3405 Dissidens
1024 3347 1195 3422 plebi,
1224 3365 1462 3404 numero
1489 3348 1781 3405 beatorum

700 3424 917 3485 Eximit
945 3427 1174 3495 Virtus3
1215 3427 1600 3518 populumque
1628 3425 1786 3484 falsis

1095 3504 1356 3564 Dedocet
1382 3506 1465 3563 uti

635 3657 640 3661 ²
700 3582 1267 3660 Vocibus31egnum
1297 3596 1357 3643 et
1396 3585 1660 3643 diadema
1678 3587 1865 3645 ffltum

701 3659 982 3718 Desarene
1008 3664 1128 3732 uni,
1156 3664 1548 3737 propriamque
1568 3663 1834 3729 laurum,

701 3737 984 3817 Quisquis
1010 3708 1275 3815 ing'entes
1294 3742 1466 3798 oculo
1493 3741 1752 3799 irrewrto

1100 3817 1336 3893 Spectat
1362 3837 1609 3876 acervos

2206 2717 2283 2778 lo

2203 3109 2281 3171 15
