2621 4297
321 332 439 391 130
971 327 1035 384 Q.
1070 324 1365 375 HORATII
1397 325 1646 375 FLAccl
1663 399 1678 412 Ι

397 470 648 530 Lubrica
673 480 982 529 nascentes
1009 469 1247 545 implent
1273 468 1574 542 conchylia
1598 467 1766 523 lunae.

399 551 518 608 Sed
547 570 661 608 non
688 568 857 607 omne
887 567 1042 605 mare
1069 560 1155 604 est
1180 566 1470 622 generosae
1500 546 1682 603 fertile
1711 554 1900 603 testae:

399 628 870 687 Murice-Baiano
897 628 1094 684 melior
1122 626 1374 682 Lucrina
1402 625 1640 700 peloris,
1626 644 1639 656 ·

397 708 606 766 Ostrea
627 707 888 777 CirceiiS,
920 705 1147 762 Miseno
1173 705 1432 761 oriuntur
1459 702 1685 759 echini·
1671 746 1685 771 ,

399 786 730 843 Pectinibus
758 785 965 861 patulis
987 785 1163 859 jactat
1184 803 1245 839 se
1274 783 1442 839 molle
1470 781 1809 838 Tarentum.

399 864 529 922 Nec
557 865 663 921 sibi
693 882 982 921 coenarum
1012 863 1193 937 quivis
1219 858 1434 918 temere
1466 872 1689 935 arroget
1715 870 1913 930 artem,

399 942 536 1000 Non
564 941 720 1037 prius
747 942 947 999 exacta
974 942 1134 999 tenui
1162 940 1380 997 ratione
1408 958 1689 1014 saporum.

399 1021 530 1079 Nec
557 1019 695 1079 satis
721 1033 807 1079 est
833 1021 966 1077 cara
993 1022 1179 1095 pisces
1207 1038 1462 1076 averrere
1491 1036 1689 1074 mensa

399 1099 672 1177 Ignarum
703 1101 906 1175 quibus
932 1110 1017 1156 est
1038 1100 1131 1174 jus
1142 1099 1364 1187 ‘aptius
1393 1108 1450 1154 et
1477 1097 1682 1187 quibus
1708 1095 1849 1152 assis

399 1179 777 1255 Languidus
763 1199 822 1236 ιιι
852 1178 1151 1235 cubitum
1131 1197 1248 1252 Jam
1277 1197 1338 1232 se
1367 1177 1604 1233 conviva
1631 1184 1879 1250 reponet.

399 1258 633 1330 Umber,
663 1270 722 1316 et
749 1259 926 1333 iligna
956 1259 1202 1314 nutritus
1228 1257 1457 1333 glande,
1488 1256 1758 1311 rotundas

400 1337 555 1394 Curv
542 1350 614 1394 et
641 1357 772 1412 aper
800 1338 994 1394 lances
1022 1354 1252 1392 carnem
1282 1334 1510 1390 vitantis
1538 1333 1811 1389 inertem:

400 1414 557 1472 Nam
586 1416 843 1472 Laurens
870 1416 1053 1471 malus
1080 1425 1184 1484 est,
1214 1414 1357 1468 ulvis
1384 1425 1441 1468 et
1468 1412 1747 1468 arundine
1775 1411 2020 1487 pinguis.

398 1494 588 1550 Vinea
614 1494 893 1550 submittit
921 1511 1154 1566 capreas
1182 1511 1296 1548 non
1327 1509 1548 1565 semper
1576 1490 1790 1546 edules,

401 1571 713 1628 Foecundae
743 1571 947 1646 leporis
975 1571 1199 1644 sapiens
1228 1570 1534 1625 sectabitur
1563 1587 1764 1625 armos,

400 1649 662 1706 Piscibus
689 1662 855 1724 atque
883 1650 1079 1706 avibus
1106 1667 1231 1723 quae
1260 1662 1463 1704 natura
1489 1660 1546 1704 et
1574 1648 1715 1705 foret
1743 1660 1899 1720 aetas,

401 1729 556 1785 Ante
583 1748 772 1785 meum
803 1729 942 1786 nulli
972 1729 1153 1803 patuit
1178 1727 1415 1802 quaesita
1440 1728 1708 1802 palatum.

402 1808 553 1864 Sunt
577 1827 815 1882 quorum
846 1808 1139 1883 ingenium
1167 1827 1314 1864 nova
1343 1804 1564 1863 tautum
1592 1806 1843 1863 crustula
1869 1803 2091 1881 promit.

399 1884 778 1962 Nequaquam
805 1885 944 1944 satis
971 1887 1030 1944 in
1058 1906 1119 1943 re
1146 1886 1263 1942 una
1290 1905 1628 1943 consumere
1656 1904 1885 1941 curam:

400 1965 479 2023 Ut
505 1967 551 2023 si
579 1967 705 2041 quis
731 1964 913 2025 solum
943 1968 1070 2036 hoc,
1099 1966 1249 2022 mala
1276 1984 1351 2022 ne
1379 1965 1493 2022 sint
1520 1965 1669 2037 vina,
1695 1964 1911 2022 laboret

398 2045 577 2107 Quali
608 2046 908 2121 perfundat
933 2046 1118 2122 pisces
1145 2063 1381 2102 securus
1406 2044 1569 2101 olivo,

403 2122 656 2183 Massica
682 2125 730 2183 si
759 2126 906 2183 coelo
933 2144 1217 2201 supponas
1246 2124 1377 2180 vina
1405 2142 1625 2194 serem,

402 2202 725 2275 Nocturna,
754 2204 800 2259 si
828 2205 962 2277 quid
990 2204 1164 2259 crassi
1191 2214 1296 2270 est,
1326 2202 1650 2257 tenuabitur
1678 2200 1837 2271 aura,

402 2281 479 2339 Et
505 2283 746 2339 decedet
770 2282 908 2338 odor
934 2281 1121 2337 nervis
1150 2280 1447 2346 inimicus;
1490 2290 1548 2335 at
1574 2278 1671 2335 illa

403 2358 699 2434 Integrum
728 2359 975 2434 perdunt
1000 2359 1118 2415 lino
1145 2357 1340 2414 vitiata
1367 2376 1641 2432 saporem.

404 2438 741 2495 Surrentina
769 2437 921 2495 vafer
946 2438 1042 2513 qui
1071 2437 1275 2494 miscet
1304 2437 1448 2493 faece
1479 2434 1721 2493 Falerna

401 2516 575 2588 Vina,
603 2516 928 2574 columbino
955 2518 1153 2574 limum
1180 2517 1328 2573 bene
1355 2515 1571 2592 colligit
1598 2534 1735 2586 ovo3

399 2596 711 2658 Quatenus
739 2598 851 2654 ima
877 2598 1018 2672 petit
1038 2597 1265 2654 volvens
1292 2594 1481 2652 aliena
1508 2595 1745 2652 vitellus.

400 2674 600 2734 Tostis
626 2688 973 2734 marcentem
1002 2676 1218 2751 squillis
1244 2675 1531 2731 recreabis
1556 2686 1614 2731 et
1642 2673 1786 2731 Asta

402 2753 666 2813 Potorem
695 2755 966 2824 cochlea3
1010 2774 1143 2812 nam
1172 2755 1398 2811 lactuca
1426 2755 1644 2811 innatat
1670 2752 1788 2810 acri

402 2831 540 2891 Post
566 2834 758 2890 vinum
785 2835 1108 2891 stomacho.
1152 2850 1331 2908 perna
1358 2830 1560 2921 magis·
1568 2851 1636 2888 ac
1666 2829 1848 2907 magis
1876 2831 2028 2889 hillis

401 2910 690 2988 Flagitat
676 2932 735 2969 tn
765 2932 983 2971 morsus
1010 2911 1199 2978 refici;
1241 2911 1379 2983 quin
1408 2910 1600 2966 omnia
1628 2910 1805 2982 malit,

398 2989 784 3065 Quaecunque
812 2990 1120 3047 immundis
1142 2990 1357 3044 fervent
1385 2987 1539 3044 illata
1564 2988 1804 3079 popinis,

401 3067 507 3126 Est
531 3088 719 3143 operae
744 3069 988 3144 pretium
1017 3066 1263 3142 duplicis
1291 3082 1630 3142 pernoscere
1652 3067 1795 3143 juris

402 3146 717 3204 Naturam:
761 3146 1001 3222 simplex
1026 3165 1059 3203 e
1087 3147 1240 3203 dulci
1269 3159 1491 3203 constat
1517 3146 1684 3219 oliv0,

399 3226 576 3288 Quod
607 3226 806 3303 pingui
835 3226 1076 3283 miscere
1104 3245 1262 3283 mero
1289 3226 1591 3300 muriaque
1619 3226 1865 3299 decebit,

403 3305 538 3364 Non
568 3306 678 3364 alia
706 3304 876 3381 quam
904 3305 1017 3380 qua
1048 3305 1328 3379 Byzantia
1354 3305 1570 3380 putruit
1594 3323 1746 3362 orca.

402 3384 537 3443 Hoc
564 3386 661 3443 ubi
689 3385 989 3442 confusum
1020 3384 1190 3440 sectis
1218 3383 1491 3439 inferbuit
1517 3383 1725 3455 herbis,

401 3463 756 3540 Corycioque
785 3484 953 3522 croco
980 3479 1234 3540 sparsum
1263 3463 1434 3532 stetit,
1464 3463 1693 3537 insuper
1720 3461 1896 3519 addes
1929 3464 1946 3479 ‘

402 3541 606 3600 Pressa
633 3543 975 3600 Venafranae
1004 3544 1151 3632 quod
1185 3542 1363 3598 bacca
1389 3542 1605 3603 remisit
1629 3541 1807 3599 elivae.

404 3617 634 3676 Picenis
661 3621 874 3676 cedunt
900 3623 1082 3695 pomis
1110 3620 1379 3677 Tiburtia
1398 3639 1603 3688 succo;

402 3693 557 3751 Nam
590 3697 734 3753 facie
761 3708 1045 3772 praestant.
1126 3698 1432 3755 Venucula
1458 3698 1726 3754 convenit
1749 3697 1907 3756 ollis·
1892 3741 1907 3766 ‚

405 3769 652 3829 Rectius
681 3774 965 3830 Albanam
996 3775 1153 3837 sumo
1178 3776 1467 3831 duraveris
1496 3793 1678 3831 uvam.

407 3846 580 3905 Hanc
605 3867 714 3923 ego
739 3868 873 3907 cum
899 3850 1083 3922 malis,
1110 3869 1220 3926 ego
1247 3853 1448 3908 faecem
1473 3852 1688 3926 primus
1713 3865 1772 3911 et
1792 3853 1978 3926 halec,
