2621 4297
371 259 492 325 ue
541 260 562 286 ’
1007 260 1070 318 Q.
1104 260 1401 311 nomm
1432 260 1682 311 mom

441 399 689 474 Coelum,
716 419 833 460 non
859 401 1134 474 animum,
1162 414 1404 475 mutant,
1430 402 1528 478 qui
1554 412 1712 463 trans
1736 419 1896 467 mare
1919 414 2183 471 currunt.

442 479 689 537 Strenua
715 499 818 537 nos
839 492 1070 541 exercet
1096 483 1300 540 inertia
1324 502 1337 539 ε
1378 482 1616 539 navibus
1637 491 1806 556 atque
1930 517 1934 520 ⁴

439 555 754 634 Quadrigis
779 558 1024 634 petimus
1051 561 1197 618 bene
1224 561 1426 618 vivere.
1507 559 1686 625 Quod
1713 559 1879 635 petis,
1907 559 2008 621 hic
2030 571 2143 636 cst,

441 634 550 694 Est
576 636 826 709 Ulubris,
853 638 1078 695 animus
1103 640 1151 697 si
1178 650 1236 696 te
1256 658 1375 697 non
1400 636 1597 695 deficit
1623 656 1835 713 aequus.
2262 642 2343 700 3⁰

1056 948 1464 1013 EPISTOLA
1490 948 1635 1011 XII.

1167 1087 1248 1126 AD
1286 1087 1519 1127 Icelum.

385 1221 396 1234 ·
436 1186 787 1247 Fauorinus
816 1188 1085 1265 Agrippae
1109 1188 1340 1259 Siculis,
1368 1207 1508 1264 quos
1535 1187 1773 1264 colligis,
1801 1187 1948 1264 Icci,

437 1265 504 1323 si
530 1265 687 1325 recte
712 1267 931 1338 fi'ueris,
959 1287 1075 1325 non
1103 1278 1191 1324 est
1216 1277 1280 1323 ut
1306 1267 1470 1341 copia
1495 1265 1671 1342 major

435 1344 533 1403 Ab
559 1345 701 1403 Jove
728 1346 928 1403 donari
955 1346 1132 1420 possit
1157 1345 1292 1402 tibi:
1335 1345 1466 1401 tolle
1493 1345 1783 1420 querelas;

433 1422 658 1499 Pauper
683 1423 838 1480 enim
865 1443 980 1481 non
1007 1435 1114 1495 est,
1141 1423 1237 1480 cui
1262 1441 1450 1484 rerum
1479 1424 1726 1501 suppetit
1754 1443 1909 1481 usus.

432 1500 499 1558 Si
526 1501 708 1558 ventri
730 1501 895 1573 bene,
924 1501 971 1558 si
997 1501 1158 1558 lateri
1185 1512 1271 1558 est
1295 1501 1648 1576 pedibusque
1675 1502 1808 1576 tuis,
1835 1503 1917 1561 nil
2284 1508 2330 1577 5

431 1577 658 1636 Divitiae
684 1590 949 1654 poterunt
974 1580 1192 1655 regales
1218 1581 1427 1639 addere
1454 1580 1653 1655 majus.

431 1655 497 1716 Si
524 1655 666 1715 forte
689 1658 749 1715 in
775 1658 964 1716 medio
988 1658 1297 1734 positorum
1326 1659 1633 1716 abstemius
1661 1659 1853 1717 herbis

428 1735 588 1793 Vivis
613 1746 672 1793 et
697 1736 900 1808 urtica,
927 1738 1010 1795 sic
1031 1736 1184 1794 vives
1207 1738 1483 1813 protinus,
1510 1748 1574 1794 ut
1598 1747 1656 1795 ts

428 1813 747 1877 Confestim
766 1814 1012 1890 liquidus
1039 1815 1308 1874 Fortunae
1335 1816 1489 1874 rivus
1514 1815 1771 1875 inauret:

428 1893 537 1952 Vel
564 1894 700 1969 quia
722 1905 984 1955 naturam
1010 1906 1229 1955 mutare
1254 1895 1502 1970 pecunia
1528 1894 1752 1966 nescit3
2253 1900 2326 1958 1⁰

426 1971 536 2031 Vel
564 1973 697 2049 quia
721 1984 936 2037 cuncta
959 1984 1125 2050 putas
1150 1976 1267 2032 una
1294 1974 1499 2031 virtute
1524 1974 1763 2035 minora.
1900 1972 1907 1977 ’

425 2049 705 2109 Miramur
731 2053 779 2109 si
806 2052 1119 2113 Democriti
1145 2072 1324 2129 pecus
1351 2053 1471 2113 edit
1496 2052 1709 2127 agellos

425 2126 728 2206 Cultaque,
755 2130 893 2192 dum
918 2129 1155 2221 peregre
1183 2141 1269 2189 est
1294 2132 1519 2190 animus
1545 2131 1668 2192 sine
1695 2150 1929 2208 corpore
1949 2130 2149 2212 {elom

309 2253 314 2258 .
421 2206 626 2271 Quum
652 2220 734 2279 tu,
763 2210 911 2268 inter
937 2210 1189 2267 scabiem
1209 2220 1426 2266 tantam
1452 2221 1511 2266 et
1536 2211 1803 2286 contagia
1818 2210 1984 2285 lucri,

423 2285 524 2345 Nil
551 2305 784 2361 parvum
811 2287 1015 2362 sapias,
1039 2299 1100 2345 et
1126 2289 1316 2346 adhuc
1335 2288 1603 2348 sublimia
1629 2308 1817 2361 cures,
2243 2294 2316 2352 15

419 2362 575 2427 Quae
602 2383 755 2422 mare
782 2378 1148 2442 compescant
1172 2386 1385 2439 causae‚
1405 2368 1540 2442 quid
1567 2378 1844 2443 temperet
1868 2388 2120 2446 annum3
2248 2401 2257 2408 ³

421 2442 616 2500 Stellae
645 2454 844 2520 sponte
871 2446 977 2504 sui
998 2445 1248 2521 jussaene
1274 2459 1549 2522 vagentur
1577 2458 1635 2516 et
1659 2458 1881 2517 errent3

416 2520 582 2592 Quid
608 2535 829 2599 premat
845 2524 1151 2584 obmurum
1177 2526 1350 2597 lunae,
1378 2526 1514 2600 quid
1540 2526 1803 2601 proferat,
1829 2523 2063 2599 orhem3

416 2599 581 2664 Quid
610 2602 741 2660 velit
768 2615 826 2662 et
849 2605 1026 2679 possit
1045 2622 1234 2661 rerum
1260 2605 1566 2664 concordia
1593 2605 1842 2675 discors;

418 2677 815 2756 Empedocles,
842 2702 917 2740 an
946 2683 1280 2741 Stertinium
1306 2683 1509 2742 deliret
1535 2685 1817 2746 acumen?
2234 2684 2315 2744 2⁰

495 2757 733 2830 Verum,
761 2779 863 2818 seu
889 2762 1095 2836 pisces,
1123 2781 1224 2820 seu
1249 2781 1478 2837 porrum
1506 2773 1565 2818 et
1591 2780 1747 2837 oaepe
1773 2760 2049 2840 trucidas,

416 2832 588 2895 Utere
615 2836 889 2914 Pompeio
911 2840 1209 2914 Grosph03
1251 2851 1330 2910 et,
1357 2841 1405 2897 si
1432 2841 1569 2915 quid
1595 2852 1769 2915 petet,
1790 2840 1938 2902 ultro
2000 2833 2005 2844 “

412 2913 620 2972 Deser:
663 2915 744 2973 nil
771 2916 1065 2992 Grosphus
1089 2918 1201 2974 uisi
1227 2936 1422 2974 vorum
1447 2919 1630 2978 orabit
1655 2930 1715 2978 et
1740 2937 1980 2995 aequum.

418 2992 561 3050 Vilis
587 2993 898 3058 amicorum
915 3007 1011 3054 est
1037 3014 1283 3066 annona,
1312 2995 1477 3056 bonis
1503 2997 1602 3058 ubi
1627 2997 1762 3072 quid
1790 2998 1971 3062 deest.
2208 3065 2213 3068 ,

489 3069 586 3128 Ne
608 3081 800 3129 tamen
829 3073 1056 3149 ignores
1081 3090 1195 3148 quo
1220 3074 1294 3132 sit
1321 3074 1589 3136 Romana
1611 3076 1741 3138 loco
1765 3095 1857 3140 res
1881 3096 1896 3140 τ,
2227 3076 2307 3136 25

410 3148 698 3209 Cantaber
725 3150 1016 3227 Agrippae,
1039 3153 1248 3211 Claudi
1275 3154 1479 3214 virtute
1506 3154 1566 3214 N
1567 3155 1759 3220 aronis

414 3229 724 3292 Armenius
751 3228 989 3292 cecidit:
1024 3232 1120 3307 jus
1148 3232 1559 3308 imperiumque
1585 3232 1859 3296 Phraates

408 3305 655 3370 caesaris
680 3309 902 3385 aceepit
926 3310 1170 3385 genibus
1195 3310 1381 3368 minor
1406 3331 1419 3367 :
1461 3331 1635 3374 aurea
1660 3311 1855 3389 fruges

409 3384 593 3446 Italiae
618 3388 792 3464 pleno
815 3388 1044 3452 diffudit
1068 3388 1252 3467 Copia
1276 3407 1473 3454 cornu.
