2621 4297
949 321 1349 372 CARMINUM
1384 323 1514 372 LIB.
1549 324 1620 372 11.

607 460 801 520 Laetus
827 463 890 521 in
915 483 1165 539 praesens
1192 466 1421 523 animus
1447 467 1595 541 quod
1623 465 1772 527 ultra
1798 477 1889 528 est

563 540 809 599 *Oderit
834 560 1054 615 curare,
1082 556 1140 602 et
1167 563 1363 601 amara
1389 545 1544 602 lento

608 619 920 697 Temperet
945 623 1078 678 risu.
1163 622 1327 680 Nihil
1356 634 1443 680 est
1470 624 1542 681 ab
1570 625 1726 683 omni

999 702 1165 759 Parte
1195 702 1440 758 beatum.

610 777 860 836 Abstulit
887 779 1103 837 clarum
1133 781 1246 836 cita
1273 800 1426 837 mors
1456 782 1742 839 Achillem
1757 802 1774 853 3

604 856 803 932 Longa
831 857 1148 919 Tithonum
1175 860 1383 916 minuit
1410 872 1674 917 senectus
1696 881 1711 931 ;

605 934 679 992 Et
704 935 845 992 mihi
874 937 1082 1007 forsan,
1111 937 1212 994 tibi
1238 938 1389 1011 quod
1417 940 1659 1015 negarit,

805 1042 809 1049 ·
996 1015 1252 1091 Porriget
1280 1019 1433 1074 hora.

607 1091 697 1149 Te
723 1111 927 1169 greges
954 1104 1189 1151 centum
1216 1096 1542 1172 Siculaeque
1569 1097 1791 1155 circum

607 1169 877 1247 Mugiunt
903 1190 1094 1228 vaccoe
1119 1193 1132 1242 ;
1176 1174 1280 1230 tibi
1307 1175 1452 1231 tollit
1479 1175 1767 1233 hinnitum

605 1250 757 1326 Apta
782 1251 1074 1326 quadrigis
1101 1270 1278 1325 equa3
1322 1262 1379 1309 te
1410 1253 1496 1310 bis
1522 1253 1666 1313 Afro

996 1329 1225 1387 Murice
1253 1332 1447 1388 tinctae

604 1408 870 1466 Vestiunt
894 1408 1076 1465 lanae:
1116 1409 1257 1465 mihi
1283 1429 1456 1486 parva
1481 1429 1614 1468 rura
1638 1422 1698 1470 et

606 1487 876 1562 Spiritum
904 1488 1091 1544 Graiae
1120 1498 1352 1546 tenuem
1383 1490 1674 1547 Camoenae

567 1596 571 1600 >
602 1565 783 1624 Parca
808 1586 923 1624 non
950 1568 1197 1624 mendax
1224 1569 1402 1639 dedit,
1430 1580 1487 1627 et
1513 1570 1830 1647 malignum

995 1647 1276 1722 Spernere
1305 1648 1525 1724 vulgus.

1093 1959 1262 2019 ODE
1288 1963 1457 2023 XIV.

839 2099 921 2139 An
947 2096 1349 2138 umanA'rnM
1389 2098 1712 2139 senorum.

603 2198 734 2258 Onu
760 2218 854 2256 me
879 2200 1123 2275 querelis
1150 2200 1443 2256 exanimas
1471 2200 1630 2256 tuis?

603 2278 731 2336 Nec
759 2278 848 2335 dis
875 2280 1125 2335 amicum
1151 2289 1256 2349 est,
1284 2297 1395 2335 nec
1422 2279 1581 2350 mihi,
1611 2288 1668 2335 te
1693 2276 1854 2354 prius

679 2356 876 2429 Obire,
905 2356 1217 2427 Maecenas,
1246 2375 1501 2414 mearum
1561 2400 1578 2408 -

757 2436 987 2492 Grande
1017 2438 1197 2492 decus
1224 2436 1603 2509 columenque
1630 2453 1836 2494 rerum.

604 2514 700 2573 Ah
723 2514 735 2571 !
779 2526 835 2571 te
862 2533 1003 2571 meae
1033 2515 1081 2571 si
1108 2524 1328 2589 partem
1356 2514 1562 2569 animae
1590 2514 1735 2590 rapit

601 2592 875 2651 Maturior
902 2594 1004 2665 vis,
1033 2593 1170 2668 quid
1200 2611 1385 2649 moror
1414 2591 1610 2663 altera,

679 2671 810 2730 Nec
837 2691 1006 2730 carus
1035 2669 1216 2747 aeque,
1247 2690 1357 2727 nec
1386 2681 1672 2745 superstes

755 2751 989 2828 Integer
1003 2753 1028 2808 l
1069 2750 1175 2807 Ille
1204 2750 1327 2806 dies
1353 2760 1652 2823 utramque

601 2829 789 2888 Ducet
817 2832 1057 2888 ruinam.
1141 2828 1201 2885 N
1205 2848 1281 2887 on
1309 2848 1419 2904 ego
1445 2828 1724 2904 perfidum

599 2907 731 2966 Dixi
760 2920 1211 2967 sacramentum:
1255 2909 1483 2980 ibimus,
1513 2907 1740 2981 ibimus,

680 2988 984 3064 Utcunque
1012 2989 1322 3065 praecedeS,
1351 2999 1682 3064 supremum

583 3062 591 3068 ’
753 3067 1004 3144 Carpere
1033 3069 1136 3124 iter
1164 3069 1403 3125 comites
1429 3067 1625 3144 parati.

600 3141 698 3202 Me
725 3165 835 3203 nec
865 3146 1164 3203 Chimaerae
1193 3147 1420 3222 spiritus
1449 3147 1652 3223 igneas,

599 3223 746 3296 Nec,
776 3225 824 3281 si
852 3236 1108 3301 resurgat
1135 3226 1495 3283 centimanus
1523 3226 1737 3302 GygeS,

674 3302 920 3360 Divellet
947 3309 1227 3380 unquam:
1270 3306 1355 3362 sic
1382 3306 1600 3381 potenti

752 3381 1001 3440 Justitiae·
1022 3385 1408 3459 placitumque
1437 3383 1650 3440 Parcis,

599 3460 716 3517 Seu
743 3460 934 3532 Libra,
965 3480 1066 3518 seu
1094 3481 1186 3517 me
1216 3460 1491 3532 Scorpius
1518 3457 1722 3531 aspicit

598 3538 1044 3609 FormidolosuS‚
1072 3557 1200 3612 pars
1228 3535 1525 3592 violentior

674 3617 897 3675 Natalis
927 3618 1099 3687 horae,
1130 3632 1232 3671 seu
1261 3625 1534 3688 tyrannus
1786 3678 1792 3685 ⁸

756 3695 1052 3772 Hesperiae
1080 3691 1465 3768 Capricornus
1492 3693 1662 3750 undae
1677 3714 1692 3763 ;

596 3772 913 3848 Utrumque
941 3773 1195 3831 nostrum
1224 3772 1543 3830 incredibili
1571 3773 1740 3830 modo

598 3852 905 3911 consentit
924 3864 1153 3911 astrum.
1237 3851 1332 3909 Te
1358 3850 1394 3907 J
1395 3852 1515 3909 ovis
1541 3850 1717 3926 impio

2186 328 2269 530 ἐῢ

2187 2909 2261 2970 10

2185 3301 2260 3361 15
