2621 4297
310 313 447 372 186‘
959 311 1021 367 Q·
1057 309 1350 359 HORATII
1384 309 1633 360 FLAccl
1686 355 1692 362 ,

461 452 725 511 Perditur
751 454 876 510 haec
902 453 1050 511 inter
1079 453 1285 510 misero
1310 453 1428 524 lux,
1455 472 1569 510 non
1598 452 1723 508 sine
1750 451 1927 510 votis:

385 531 443 592 Ο
471 552 587 605 ruS,
613 534 842 607 quando
866 552 976 608 ego
1003 545 1059 591 te
1088 532 1400 607 aspiciam?
1441 531 1780 606 quandoque
1808 530 2022 604 licebit,
2206 530 2289 589 60

383 611 561 669 Nunc
590 624 840 688 veterum
868 613 1043 682 libris,
1073 630 1229 667 nunc
1257 630 1457 667 somno
1486 622 1544 666 et
1571 609 1848 667 inertibus
1875 610 2048 683 horis,

382 690 612 748 Ducere
640 690 893 747 sollicitae
917 691 1172 764 jucunda
1196 689 1403 746 oblivia
1432 688 1601 745 vitae?

382 769 440 828 Ο
466 770 694 845 quando
722 770 869 840 faba,
898 769 1232 844 Pythagorae
1260 778 1523 842 cognata,
1552 766 1831 842 simulque

382 848 572 907 Uncta
599 845 735 904 satis
763 849 958 923 pingui
988 859 1269 923 ponentur
1296 846 1556 903 oluscula
1582 846 1777 904 lardo?

382 925 440 984 Ο
468 943 665 984 noctes
693 946 982 1001 coenaeque
1011 928 1202 997 deum,
1232 927 1442 1000 quibus
1466 926 1584 1000 ipse
1614 925 1837 1000 meique
2207 927 2288 985 65

389 1007 541 1062 Ante
570 1005 773 1062 Larem
801 1005 1086 1080 proprium
1117 1023 1332 1075 vescor,
1361 1022 1671 1078 vernasque
1699 1021 1969 1079 procaces

383 1084 567 1141 Pasco
593 1084 780 1141 libatis
807 1081 1077 1159 dapibus!
1158 1085 1338 1140 Prout
1365 1085 1571 1157 cuique
1603 1083 1781 1140 libido
1806 1094 1913 1155 est,
1953 1135 1967 1149 ,

383 1163 580 1221 Siccat
607 1164 912 1237 inaequales
939 1164 1149 1220 calices
1176 1164 1432 1233 conviva,
1463 1162 1679 1219 solutus
2003 1157 2008 1164 ’

383 1242 637 1317 Legibus
666 1243 912 1299 insanis:
956 1261 1058 1299 seu
1078 1243 1205 1316 quis
1231 1242 1385 1317 capit
1412 1242 1566 1299 acria
1594 1241 1752 1298 fortis

383 1320 616 1392 Pocula,
646 1341 747 1377 seu
775 1322 1014 1378 modicis
1042 1321 1257 1376 uvescit
1282 1319 1484 1378 laetifis.
1568 1319 1723 1394 Ergo
2209 1321 2287 1381 70

383 1399 587 1458 Sermo
612 1400 809 1469 oritur,
838 1419 952 1456 non
982 1401 1053 1455 de
1082 1399 1227 1454 villis
1255 1399 1586 1455 domibusve
1615 1397 1836 1469 alieni8‚

383 1477 514 1536 Nec
542 1476 690 1533 male
723 1496 908 1533 necne
936 1478 1122 1551 Lepos
1149 1474 1345 1533 saltet:
1388 1478 1507 1547 sed,
1536 1477 1684 1550 quod
1712 1474 1897 1552 magis
1924 1478 1995 1534 ad
2023 1496 2128 1536 nos

382 1556 636 1614 Pertinet
663 1566 721 1611 et
747 1556 969 1611 nescire
998 1555 1208 1611 malum
1236 1567 1341 1625 est,
1371 1557 1682 1629 agitamus3
1727 1567 1991 1614 utrumne

382 1634 610 1692 Divitiis
639 1634 915 1704 homineS‚
944 1653 1017 1690 an
1047 1635 1161 1690 sint
1189 1634 1394 1690 virtute
1420 1634 1603 1702 beati3

378 1712 612 1774 Quidve
640 1713 710 1768 ad
739 1713 1039 1784 amicitiae,
1069 1732 1205 1769 usus
1231 1723 1547 1784 rectumne,
1576 1713 1761 1770 trahat
1789 1733 1925 1783 nos;
2206 1715 2284 1773 75

382 1789 477 1864 Et,
505 1810 630 1866 quae
658 1791 730 1848 sit
758 1803 959 1848 natura
987 1792 1122 1848 boni
1149 1813 1162 1862 3
1207 1811 1606 1867 summumque
1633 1793 1771 1865 quid
1798 1792 1938 1868 ejus,

382 1871 624 1929 Cervius
655 1872 775 1928 haec
804 1871 949 1928 inter
977 1872 1200 1928 vicinus
1227 1872 1404 1947 garrit
1431 1872 1611 1929 aniles

380 1948 471 2016 Ex
499 1970 558 2008 re
588 1949 834 2007 fabellas.
917 1949 1070 2009 Nam
1100 1951 1148 2007 si
1175 1952 1301 2025 quis
1327 1951 1521 2008 laudat
1548 1948 1730 2007 Arelli

382 2029 667 2087 Sollicitas
695 2030 926 2105 ignarus
951 2049 1106 2105 opes,
1137 2030 1220 2086 sic
1249 2031 1483 2106 incipit:
1527 2034 1561 2060 ‘³
1581 2028 1739 2086 Olim

381 2109 661 2168 Rusticus
687 2110 966 2167 urbanum
997 2128 1214 2167 murem
1232 2129 1374 2167 mus
1398 2127 1645 2185 paupere
1674 2107 1847 2165 fertur
2201 2108 2283 2168 8⁰

380 2190 696 2265 Accepisse
723 2208 882 2259 cavo,
911 2201 1157 2246 veterem
1187 2200 1347 2246 vetus
1374 2190 1577 2262 hospes
1604 2187 1884 2257 amicum3

380 2269 566 2343 Asper
593 2279 651 2324 et
679 2277 924 2322 attentus
949 2266 1217 2340 quaesitis,
1242 2278 1303 2322 ut
1330 2277 1521 2326 tamen
1550 2278 1768 2322 arctum

381 2346 636 2402 Solveret
664 2343 917 2419 hospitiis
945 2344 1215 2400 animum.
1296 2344 1460 2405 Quid
1492 2344 1704 2400 multa?
1747 2362 1935 2419 neque
1961 2342 2057 2402 ille

380 2424 627 2499 Sepositi
654 2423 877 2494 ciceris,
906 2442 1016 2480 nec
1042 2423 1228 2499 longae
1257 2423 1457 2480 invidit
1485 2442 1710 2490 avenaeg

380 2503 624 2560 Aridum
653 2515 712 2560 et
737 2521 833 2560 ore
864 2502 1050 2560 ferens
1077 2503 1328 2574 acinum,
1358 2521 1688 2578 semesaque
1715 2501 1859 2559 lardi
2198 2503 2280 2561 85

380 2581 586 2640 Frusta
607 2582 784 2654 dedit,
815 2582 1054 2658 cupiens
1081 2584 1235 2640 varia
1264 2582 1489 2640 fastidia
1516 2582 1684 2639 cuma

380 2661 634 2720 Vincere
662 2662 948 2738 tangentis
976 2660 1123 2719 male
1153 2662 1380 2738 singula
1406 2663 1578 2719 dente
1607 2660 1881 2736 superbo:

376 2740 580 2803 Quum
606 2754 765 2816 pater
789 2744 910 2817 ipse
937 2742 1140 2799 domus
1165 2742 1331 2817 palea
1359 2752 1651 2816 porrectus
1677 2737 1949 2813 inxhornfi

381 2819 548 2876 Esset
575 2822 712 2877 ador
739 2821 1066 2894 loliumque,
1090 2822 1251 2895 dapis
1279 2821 1512 2877 meliora
1538 2819 1881 2893 relinquens⁸
2045 2872 2053 2878 .

379 2898 646 2955 Tandem
666 2900 916 2955 urbanus
933 2900 1003 2956 ad
1025 2900 1196 2967 hunc,
1216 2904 1229 2927 ‘
1247 2898 1412 2959 Quid
1430 2910 1485 2955 te
1496 2898 1692 2973 juvat,’
1718 2897 1917 2973 inquit,
1941 2900 1957 2927 ‘
1970 2896 2177 2970 amice,
2194 2895 2276 2955 90

377 2975 653 3053 Praerupti
684 2977 931 3034 nemoris
957 2976 1268 3049 patientem
1296 2976 1482 3032 vivere
1510 2977 1720 3032 dorso?

378 3056 484 3113 vis
510 3068 570 3112 tu
603 3056 859 3112 homines
887 3055 1197 3128 urbemque
1226 3054 1358 3111 feris
1383 3073 1709 3129 praeponere
1739 3053 1934 3112 silvis?

376 3134 564 3208 Carpe
593 3134 759 3203 viam,
789 3132 926 3190 mihi
957 3132 1148 3204 crede,
1177 3152 1389 3206 comeso,
1417 3134 1704 3191 terrestria
1730 3133 1959 3209 quando

378 3211 650 3269 Mortales
678 3212 896 3269 animas
923 3212 1117 3269 vivunt
1143 3213 1357 3285 sortita,
1388 3232 1574 3288 neque
1603 3214 1717 3271 ulla
1746 3223 1833 3270 est

378 3294 500 3349 Aut
527 3311 735 3367 magno
762 3303 860 3348 aut
886 3310 1056 3366 parvo
1077 3290 1172 3348 leti
1203 3292 1337 3367 fuga
1362 3302 1546 3366 :·quo,
1577 3291 1743 3360 bone,
1772 3291 1946 3363 circa,
2194 3290 2273 3348 95

377 3370 531 3427 Dum
561 3372 713 3443 licet,
743 3370 800 3428 in
825 3371 994 3428 rebus
1015 3369 1287 3446 jucundis
1320 3371 1440 3427 vive
1470 3371 1701 3438 beatus3

375 3450 519 3507 Vive
548 3470 764 3508 memor
790 3449 961 3526 quam
990 3450 1067 3506 sis
1094 3450 1198 3511 aevi
1228 3450 1445 3506 brevis.'
1530 3448 1678 3506 Haec
1702 3447 1802 3505 ubi
1829 3449 1983 3507 dicta

374 3529 680 3604 Agrestem
707 3529 997 3604 pepulere,
1026 3530 1194 3587 domo
1221 3529 1359 3586 levis
1386 3529 1573 3585 exsilit
1597 3548 1610 3585 ε
1653 3529 1788 3585 inde

375 3607 567 3663 Ambo
593 3608 936 3681 propositum
965 3620 1245 3682 peragunt
1273 3608 1397 3679 iter,
1428 3608 1583 3664 urbis
1610 3617 1840 3663 aventes
1980 3662 1985 3668 ,

378 3681 595 3741 Moenia
621 3685 885 3741 nocturni
913 3686 1236 3758 subrepere.
1322 3684 1563 3757 Jamque
1590 3686 1821 3742 tenebat
2160 3683 2276 3743 loo

379 3755 516 3813 Nox
543 3761 793 3816 medium
820 3761 950 3819 coeli
979 3762 1243 3833 spatium,
1271 3781 1443 3836 quum
1473 3762 1631 3835 ponit
1659 3774 1892 3839 uterque
1911 3762 1942 3775 “’

381 3831 455 3889 [n
479 3833 758 3910 locuplete
784 3839 955 3894 domo
980 3837 1249 3913 vestigia3
1291 3840 1462 3896 rubro
1488 3838 1586 3897 ubi
1613 3858 1792 3899 cocco
