2621 4297
878 306 1278 358 CARMINUM
1313 307 1446 357 LIB.
1482 308 1578 358 IV.

623 450 905 525 Auguste,
934 450 1169 507 virtutes
1195 450 1255 506 in
1284 468 1469 507 aevum

696 528 808 585 Per
835 528 1026 585 titulos
1054 546 1447 603 memoresque
1476 529 1650 587 fastos

546 605 852 666 AEternet'l
891 625 946 678 o,
975 607 1088 681 qua
1116 607 1198 663 sol
1230 607 1565 664 habitabiles

548 684 798 742 Illustrat
823 705 969 757 orae,
1001 686 1245 745 maxime
1274 687 1616 761 principum,

620 763 816 825 Quem
846 764 990 838 legis
1015 775 1277 839 expertes
1304 764 1528 821 Latinae

701 842 994 899 Vindelici
1021 842 1275 899 didicere
1304 862 1487 918 nuper

545 919 705 982 Quid
735 919 922 977 Marte
950 940 1162 997 posses.
1250 920 1436 979 Milite
1464 941 1598 980 nam
1626 934 1726 982 tuo

546 998 767 1056 Drusus
792 999 1121 1072 Genaunes,
1151 1000 1520 1076 implacidum
1545 1021 1750 1078 genus,

622 1078 991 1167 Brennosque
1023 1079 1264 1150 veloceS,
1292 1091 1352 1136 et
1378 1098 1540 1136 arces

700 1156 948 1232 Alpibus
976 1157 1264 1251 impositas
1289 1158 1623 1229 tremendis,

549 1233 773 1310 Dejecit
801 1253 935 1291 acer
961 1231 1093 1310 plus
1121 1235 1244 1291 vice
1273 1234 1536 1310 simplici.

551 1312 733 1388 Major
761 1312 1065 1369 Neronum
1092 1332 1224 1370 mox
1251 1332 1424 1388 grave
1451 1313 1712 1388 proelium

624 1392 943 1462 Commisit,
973 1392 1364 1466 immanesque
1392 1392 1632 1450 Rhenus

704 1470 1001 1545 Auspiciis·
1020 1471 1236 1546 pepulit
1264 1472 1537 1528 secundis
1559 1490 1572 1527 :

548 1549 923 1624 spectandus,¹
946 1549 1005 1605 in
1033 1550 1347 1606 certamine
1375 1548 1603 1622 Martio,

549 1627 769 1685 Devota
790 1629 955 1686 morti
982 1639 1211 1702 pectora
1237 1628 1431 1685 liberae

622 1705 876 1767 Quantis
903 1706 1163 1782 fatigaret
1188 1707 1388 1777 ruinis,

702 1783 1019 1842 Indomitas
1044 1783 1221 1860 prope
1250 1785 1433 1859 qualis
1459 1785 1644 1843 undas

546 1863 790 1920 Exercet
817 1865 1047 1936 Auster,
1077 1864 1374 1920 Pleiadum
1401 1864 1577 1922 choro

548 1943 862 2000 Scindente
891 1943 1092 2012 nubea,
1121 1943 1361 2017 impiger
1389 1943 1636 1998 hostium

602 2017 853 2078 ‘Vexare
879 2030 1116 2091 turmas,
1144 2031 1202 2075 et
1229 2020 1565 2075 frementem

698 2097 934 2157 Mittere
961 2115 1169 2174 equum
1197 2097 1417 2155 medios
1443 2116 1542 2173 per
1570 2098 1747 2174 ignea·

550 2178 649 2236 Sic
676 2178 1021 2235 tauriformis
1048 2177 1284 2234 volvitur
1314 2177 1583 2250 Aufidus,

546 2256 668 2319 Qui
708 2276 886 2333 regna
914 2255 1107 2313 Dauni
1131 2255 1373 2332 praefluit
1401 2256 1635 2332 Appuli,

620 2336 822 2397 Quum
851 2337 1026 2406 saevit,
1056 2336 1507 2410 horrendamque
1535 2336 1722 2394 cultis*

704 2413 987 2471 Diluviem
1017 2415 1321 2470 meditatur
1350 2415 1530 2487 agris3

547 2492 622 2551 Ut
647 2492 1008 2552 barbarorum
1038 2492 1319 2548 Claudius
1346 2492 1592 2566 agmina·

548 2569 780 2629 Ferrata
806 2584 963 2629 vasto
988 2572 1162 2628 diruit
1190 2572 1428 2646 impetu,-

625 2650 954 2725 Primosque
980 2661 1039 2707 et
1063 2660 1347 2706 extremos
1373 2649 1660 2720 metendo,

705 2731 911 2786 Stravit
938 2730 1194 2799 humum,
1225 2726 1540 2784 sine-clade
1566 2729 1763 2802 vietor,

549 2806 638 2864 Te
669 2809 880 2883 copiaS,
909 2819 966 2865 te
994 2805 1316 2878 consilium,
1346 2817 1401 2863 et
1425 2818 1553 2863 tuos

548 2886 846 2944 Praebente
874 2887 1063 2945 divos:
1106 2903 1261 2957 mun,
1290 2886 1393 2942 tibi
1420 2903 1532 2960 quo
1555 2885 1658 2944 die·

625 2965 843 3024 Portus
858 2966 1221 3024 Alexandrea
1246 2964 1485 3041 supplex

703 3043 780 3102 Et
808 3061 1042 3101 vacuam
1060 3045 1338 3120 patefecit
1364 3043 1574 3115 aulam,

551 3121 806 3180 Fortuna
831 3123 1009 3180 lustro
1032 3139 1301 3199 prospera
1326 3123 1495 3181 tertio

552 3200 690 3259 Belli
713 3203 997 3259 secundos
1025 3202 1269 3259 reddidit
1294 3203 1499 3274 exime,

627 3280 1005 3356 Laudemque
1018 3291 1081 3339 et·
1100 3292 1353 3358 optatum
1383 3282 1628 3358 peractis

705 3359 966 3435 Imperiis
993 3362 1170 3418 decus
1197 3361 1493 3435 arrogavit.

546 3436 641 3495 Te
668 3438 954 3496 Cantaber
975 3455 1090 3497 non
1119 3438 1255 3495 ante
1277 3436 1642 3504 domabilis,.

548 3514 886 3593 Medusque,
915 3531 979 3575 et
1000 3517 1200 3585 Indus,
1228 3526 1285 3570 te
1324 3513 1598 3587 profugus
1625 3510 1867 3586 Scythen

625 3593 888 3669 Mirarer,
915 3617 952 3654 o
978 3593 1157 3653 tutela
1182 3605 1433 3668 praesens

704 3674 886 3732 Italiae
915 3674 1275 3746 dominaeque
1299 3669 1539 3728 Romae:

550 3751 665 3825 Te,
693 3753 945 3811 fontium
962 3753 1060 3828 qui
1089 3752 1239 3808 celat
1262 3749 1534 3825 origines,

548 3829 854 3968 Nilusque,
876 3843 938 3891 et
962 3832 1135 3906 Ister,-
1156 3841 1233 3889 ω·
1240 3829 1486 3906 rapidum
1494 3825 1718 3904 ’Κρής

2140 999 2214 1060 lo

2140 1386 2214 1451 15
