2621 4297
968 296 1366 350 CARMINUM
1401 298 1533 347 Lm.
1568 299 1665 349 IV.

634 436 799 495 coelo
827 436 996 496 Musa
1026 440 1170 496 beat.
1240 442 1341 498 Sic
1368 441 1527 499 Jovis
1555 442 1786 501 intereat

633 515 860 592 Optatis
887 519 1069 593 epulis
1098 520 1339 594 impiger
1371 521 1680 578 Hercules:

632 594 867 652 Clarum
897 596 1243 686 Tyndaridas
1267 601 1426 655 sidus
1453 601 1525 656 ab
1554 599 1764 658 infimis

633 672 894 734 Quassus
920 677 1165 750 eripiunt
1190 679 1512 752 aequoribus
1540 692 1720 737 rates:

633 751 889 812 Ornatus
917 755 1076 811 viridi
1110 769 1361 831 tempora
1390 759 1657 833 pampino

635 830 806 890 Liber
836 845 962 890 vota
993 834 1167 891 bonos
1195 837 1354 893 ducit
1381 838 1454 893 ad
1481 839 1684 895 exitus.

1126 1146 1295 1203 ODE
1337 1116 1507 1206 vm.

1121 1283 1201 1320 AD
1229 1283 1509 1322 LOLLIUM.

630 1383 730 1441 Nn
760 1380 903 1439 forte
933 1383 1132 1438 credas
1162 1383 1456 1440 interitura
1482 1402 1627 1459 qum,

633 1461 833 1537 Longe
864 1474 1159 1518 sonantem
1191 1475 1356 1519 natus
1384 1465 1452 1520 ad
1486 1464 1782 1539 Aufidum,

710 1541 847 1597 Non
878 1540 1007 1597 ante
1040 1542 1294 1616 vulgatas
1323 1562 1422 1617 per
1451 1555 1599 1600 artes

789 1621 979 1677 Verba
1007 1622 1200 1694 loquor
1228 1623 1500 1678 socianda
1527 1624 1769 1682 chordis.

631 1697 790 1769 Non,
819 1700 864 1755 si
897 1701 1107 1773 priores
1136 1699 1419 1756 Maeonius
1447 1712 1605 1758 tenet

631 1779 812 1835 Sedes
841 1779 1145 1847 Homerus,
1178 1779 1495 1836 Pindaricae
1524 1780 1720 1854 latent,

708 1857 975 1931 Ceaeque,
1005 1869 1061 1914 et
1091 1857 1273 1913 Aloaei
1296 1860 1573 1930 minaces,

789 1937 1209 2008 Stesichorique
1236 1956 1436 2009 graves
1464 1937 1785 1996 Camoetm:

627 2013 781 2082 Nec,
810 2014 856 2068 si
884 2014 1021 2085 quid
1048 2014 1182 2069 olim
1211 2014 1344 2070 lusit
1373 2017 1703 2089 Anacreon,

627 2091 855 2150 Delevit
882 2103 1050 2147 aetas:
1093 2091 1265 2167 spirat
1291 2092 1482 2148 adhuc
1509 2112 1687 2167 amor,

709 2172 1036 2247 Vivuntque
1063 2173 1348 2229 commissi
1378 2173 1595 2230 calores

788 2251 992 2308 AEoliae
1023 2250 1226 2307 fidibus
1254 2252 1475 2326 puelloe.

625 2328 761 2387 Non
789 2330 908 2386 sola
934 2343 1187 2404 comptos
1216 2332 1350 2386 arsit
1378 2332 1619 2390 adulteri

627 2408 851 2478 CrineS,
881 2420 939 2464 et
968 2427 1165 2463 aurum
1201 2409 1449 2465 vestibus
1478 2410 1676 2468 illitum

704 2486 935 2557 Min-ata,
965 2486 1292 2561 regalesque
1322 2487 1529 2557 cultim,

782 2566 858 2622 Et
884 2567 1141 2635 comites»,
1172 2565 1398 2621 Helene
1426 2565 1700 2623 Lacaena:

624 2645 917 2703 Primusve
946 2644 1178 2700 Teucer
1205 2644 1319 2699 tela
1348 2644 1610 2717 Cydonio

626 2722 851 2782 Direxit
878 2742 1047 2779 arcu:
1090 2742 1205 2778 non
1234 2723 1408 2778 semel
1440 2722 1577 2779 Ilios

702 2802 963 2861 Vexata:
994 2821 1120 2858 ‘non
1150 2802 1423 2877 pugnavit
1451 2802 1655 2878 ingens

783 2881 1127 2938 Idomeneus
1157 2881 1532 2938 Sthenelusve
1561 2882 1712 2941 solus

625 2959 888 3019 Dicenda
919 2960 1102 3017 Musis
1129 2960 1352 3035 proelia:
1396 2981 1510 3019 non
1541 2962 1699 3020 ferox

623 3040 863 3110 Hector,
894 3039 978 3095 vel
1009 3060 1138 3096 acer
1169 3039 1505 3115 Deiphobus
1532 3060 1732 3118 graves

703 3118 947 3192 Excepit
975 3119 1120 3173 ictus
1149 3138 1248 3193 pro
1289 3121 1512 3194 pudicis

780 3197 1134 3271 Conjugibus
1164 3201 1461 3273 puerisque
1489 3201 1720 3275 primus

624 3273 835 3333 Vixcre
865 3277 1033 3332 fortes
1061 3288 1191 3333 ante
1220 3278 1658 3353 Agamemnona

626 3353 827 3412 Multi:
870 3356 968 3411 sed
996 3375 1196 3412 omnes
1225 3357 1662 3430 illacrymabiles

701 3433 1007 3509 Urgentur,
1038 3434 1347 3520 ignotique,
1378 3434 1549 3506 longa

779 3512 989 3579 Nocte,
1020 3522 1215 3575 carent
1241 3511 1375 3582 quia
1403 3522 1528 3563 vate
1557 3524 1733 3565 sacro.

621 3588 867 3648 Paulum
897 3586 1131 3663 sepultae
1158 3587 1331 3641 distat
1360 3586 1579 3642 inertiae

620 3669 823 3727 Celata
848 3670 1040 3725 virtus,
1110 3663 1167 3720 N
1173 3685 1247 3721 on
1276 3684 1385 3740 ego
1409 3676 1467 3722 te
1495 3666 1638 3724 meis

701 3746 931 3802 Chattis
960 3747 1282 3803 inornatum
1298 3810 1299 3813 Ἴ
1313 3744 1513 3817 silebo,

779 3824 966 3882 Totvc
993 3836 1122 3881 tuos
1148 3824 1329 3900 patiar
1356 3825 1577 3883 labores

2220 2097 2294 2157 10

2219 2492 2293 2551 15
