2621 4297
853 282 1347 368 ΕΡῙεΤοιᾹιωΜ
1379 318 1512 367 Lm.
1548 318 1591 367 1.
1628 322 1703 368 11.

360 457 589 517 Serviet
617 455 915 529 eternum,
942 459 1077 534 quia
1101 479 1273 536 parvo
1299 461 1519 519 nesciet
1546 462 1645 520 uti.

359 536 474 594 Cui
501 556 621 594 non
649 538 952 594 conveniet
972 556 1076 595 sua
1101 558 1210 610 res,
1241 549 1304 595 ut
1331 539 1562 595 calceus
1584 539 1740 613 olim,

361 616 425 673 Si
445 617 593 691 pede
620 616 798 690 major
825 616 951 686 erit,
980 617 1296 685 subvertet3
1342 618 1389 673 si
1418 618 1620 689 minor,
1649 628 1789 675 uret.

360 693 558 751 Laetus
586 704 736 751 sorte
763 694 861 750 tua
886 694 1038 751 vives
1065 696 1368 770 sapienter,
1397 697 1573 752 Aristi
1598 716 1613 764 ;

361 771 495 829 Nec
522 791 616 828 me
645 772 896 829 dimittes
924 773 1345 849 incastigatum‚
1373 775 1471 830 ubi
1499 775 1661 849 plura

361 851 586 926 Cogere
612 849 785 926 quam
811 848 949 907 satis
975 863 1080 923 est,
1110 871 1178 910 ac
1198 871 1315 910 non
1341 871 1582 924 cessare,
1613 852 1857 912 videbor.

361 928 619 1005 Imperat
640 939 739 985 aut
765 929 936 985 servit
961 930 1200 987 collecta
1224 931 1471 1006 pecunia
1498 932 1723 1006 cuique,

361 1006 609 1066 Tortum
639 1008 814 1083 digna
839 1007 997 1082 sequi
1025 1006 1231 1084 potine,
1259 1008 1431 1084 quam
1460 1011 1691 1080 ducere,
1713 1009 1925 1068 funem.

440 1086 592 1143 Haec
619 1086 722 1143 tibi
751 1085 1036 1143 dictabam
1062 1099 1189 1164 post
1215 1088 1411 1145 fanum
1438 1100 1601 1163 putre
1628 1088 1907 1161 Vacunae,

362 1163 621 1242 Excepto
645 1161 800 1240 quod
826 1183 943 1224 non
970 1165 1140 1224 simul
1167 1185 1342 1239 esses,
1369 1176 1577 1223 caetera
1602 1166 1786 1224 laetus.

997 1516 1404 1576 EPISTOLA
1439 1517 1551 1578 XI.

1028 1675 1109 1714 An
1142 1668 1437 1715 BULL'ATIU
1443 1677 1506 1715 M.

360 1795 531 1859 Qum
556 1795 662 1853 tibi
688 1794 810 1853 visa
835 1795 1033 1867 Chios,
1062 1795 1291 1867 Bullati‚
1321 1806 1564 1870 notaque
1593 1796 1847 1856 Lesbos?

359 1874 524 1937 Quid
551 1874 839 1932 concinna
869 1875 1108 1931 Samos'l
1147 1875 1283 1949 quid
1312 1874 1496 1931 Croesi
1524 1876 1683 1952 regia
1710 1876 1946 1934 Sardis?

362 1954 606 2029 Smyrna
631 1953 786 2028 quid,
814 1964 871 2010 et
897 1952 1233 2027 Colophon'l
1275 1954 1487 2028 majora
1514 1954 1801 2011 minorave
1829 1955 2022 2012 famu?

361 2032 706 2107 Cunctaque
731 2050 847 2108 prae
876 2031 1096 2105 Campo
1122 2040 1181 2086 et
1206 2030 1487 2088 Tiberino
1513 2030 1747 2089 flumine
1775 2034 2047 2091 sordent?

361 2112 458 2169 An
488 2110 644 2172 venit
670 2111 730 2168 in
759 2120 950 2169 votum
980 2108 1244 2167 Attalicis
1271 2128 1343 2166 ex
1371 2110 1605 2168 urbibus
1634 2112 1787 2168 una?

362 2192 461 2248 An
487 2190 785 2247 Lebedum
812 2190 1031 2260 laudas,
1058 2189 1190 2245 odio
1216 2190 1388 2245 maris
1415 2200 1582 2264 atque
1609 2190 1826 2247 viarum
1840 2192 1946 2248 ‘l—

361 2270 491 2326 Scis
518 2269 785 2326 Lebedus
810 2268 945 2343 quid
974 2271 1072 2336 s'rt3
1113 2267 1314 2325 Gabiis
1340 2269 1613 2328 desertior
1641 2280 1808 2345 atque

299 2359 304 2364 ’
359 2347 600 2405 Fidenis
625 2348 816 2404 vicus:
858 2358 1049 2404 tamen
1080 2346 1197 2404 illic
1217 2347 1411 2404 ‚vivere
1438 2348 1671 2417 vellem;

357 2425 700 2501 Oblitusque
728 2444 1000 2497 meorum,
1029 2425 1450 2482 obliviscendus
1475 2438 1532 2483 et
1559 2426 1688 2497 illis,
1770 2473 1774 2478 .

358 2504 698 2580 Neptunum
727 2504 921 2580 procul
949 2523 982 2560 e
1004 2504 1152 2560 terra
1181 2514 1437 2578 spectare
1467 2503 1844 2561 furentem.—

360 2584 476 2642 Sed
507 2602 693 2658 neque
719 2583 813 2658 qui
841 2582 1043 2657 Capua
1071 2583 1322 2642 Romam
1349 2583 1508 2657 petit,
1539 2583 1718 2638 imbre
1744 2581 1972 2658 lutoque

359 2663 668 2738 Aspersus,
694 2662 842 2718 volet
868 2662 927 2718 in
954 2662 1214 2736 cauponii
1243 2661 1461 2718 vivere:
1505 2679 1633 2732 nec,
1660 2660 1758 2735 qui

359 2740 569 2817 Frigus
596 2740 841 2816 collegit,
864 2740 1058 2797 furnos
1084 2750 1141 2796 et
1168 2740 1372 2796 balnea
1398 2739 1609 2809 laudat,

358 2818 436 2876 Ut
463 2820 805 2877 fortunatam
833 2817 1002 2894 plene
1031 2819 1355 2894 praestantia
1381 2818 1589 2878 vitam:

358 2897 508 2970 Nec,
536 2898 586 2955 si
613 2910 670 2955 te
699 2898 918 2955 validus
939 2897 1233 2973 jactaverit
1261 2898 1472 2954 Auster
1500 2897 1560 2954 in
1589 2896 1721 2968 alto,

357 2975 587 3034 Idcirco
613 2995 814 3033 navem
840 2987 996 3033 trans
1024 2976 1288 3051 AEgaeum
1316 2995 1472 3034 mare
1494 2977 1720 3033 vendas.

357 3053 645 3113 Incolumi
667 3055 908 3112 Rhodos
935 3066 993 3111 et
1019 3053 1295 3129 Mitylene
1324 3056 1559 3131 pulchra
1587 3056 1741 3127 facit,
1768 3055 1919 3131 quod

357 3133 592 3192 Paenula
617 3134 873 3204 solstitio,
902 3144 1213 3208 campestre
1242 3134 1521 3191 nivalibus
1548 3135 1716 3206 auris,

355 3211 468 3270 Per
494 3214 754 3270 brumam
781 3211 1032 3283 Tiberis,
1063 3212 1261 3269 Sextili
1284 3231 1480 3270 mense
1507 3213 1781 3270 caminus.

355 3289 511 3349 Dum
538 3292 695 3365 licet,
723 3302 781 3349 et
807 3291 1022 3347 vultum
1049 3302 1233 3348 servat
1259 3290 1513 3349 Fortuna
1539 3291 1869 3366 benignum,

355 3368 565 3428 Romae
590 3371 854 3428 laudetur
880 3369 1100 3440 Samos,
1128 3381 1187 3427 et
1208 3370 1405 3440 Chios,
1433 3381 1491 3426 et
1516 3369 1757 3425 Rhodos
1783 3367 2008 3425 absens.

354 3446 477 3521 Tu,
505 3468 902 3525 quamcunque
930 3450 1074 3506 deus
1098 3449 1200 3504 tibi
1230 3447 1596 3504 fortunaverit
1622 3447 1837 3518 horam,

352 3527 535 3590 Grati
561 3547 725 3585 sume
751 3545 958 3596 manu;
1001 3544 1117 3583 neu
1144 3526 1337 3581 dulcia
1363 3523 1525 3580 differ
1547 3523 1607 3578 in
1635 3540 1870 3594 annum,

352 3604 451 3678 Ut,
477 3624 817 3682 quocunque
845 3607 971 3663 loco
998 3602 1188 3674 fixeris,
1220 3602 1422 3658 vixisse
1449 3600 1688 3657 libenter

353 3682 449 3743 Te
474 3686 668 3743 dicas:
710 3703 845 3742 nam
871 3684 919 3740 si
947 3681 1091 3740 ratio
1116 3691 1174 3739 et
1197 3679 1502 3757 prudentia
1527 3697 1713 3752 curas,

355 3760 491 3824 Non
516 3764 680 3823 locus
704 3762 870 3821 effusi
895 3758 1009 3821 late
1037 3760 1210 3820 maris
1234 3759 1463 3832 arbiter,
1485 3758 1698 3828 aufert3

2139 321 2254 384 167

2184 2507 2256 2565 10

2179 2899 2253 2959 16
