2621 4297
988 298 1051 355 Q.
1085 295 1379 346 HORATII
1410 295 1657 348 FLACCI

648 438 859 498 Pacem
888 439 1079 497 duello
1102 441 1345 498 miscuit.
1406 440 1465 496 Ο
1490 441 1704 516 pudor!

725 517 784 576 Ο
811 537 1020 593 magna
1046 519 1354 594 Carthago,
1384 520 1667 594 probrosis

806 595 992 654 Altior
1023 597 1202 654 ltaliae
1230 598 1409 654 ruinis
1428 599 1481 653 !''

648 674 854 733 Fertur
879 676 1103 751 pudicae
1130 677 1393 753 conjugis
1418 676 1701 748 osculum,

647 754 971 828 Pan-osque
998 766 1180 825 natm,
1209 766 1272 811 ut
1298 755 1499 829 capitis
1527 756 1732 827 minor,

727 834 824 891 Ab
850 852 913 889 se
939 832 1262 905 remorisse,
1289 844 1350 890 et
1377 833 1590 889 virilem

806 910 1033 969 Torvus
1061 913 1220 968 humi
1247 913 1502 987 posuisse
1529 911 1780 969 vultumz

647 990 852 1048 Donec
878 991 1140 1048 labantes
1164 992 1404 1047 consilio
1429 1001 1617 1065 patres

646 1068 929 1128 Firmaret
954 1079 1151 1127 auctor
1179 1088 1470 1143 nunquam
1498 1068 1641 1126 alias
1666 1069 1822 1142 dato,

725 1147 995 1221 Interque
1023 1159 1329 1204 moerentes
1357 1148 1570 1204 amicos

803 1226 1086 1303 Egregius
1113 1238 1439 1303 properaret
1464 1226 1641 1282 exsul.

648 1305 827 1381 Atqui
855 1307 1072 1362 sciebat
1096 1325 1222 1379 quae
1246 1306 1359 1361 sibi
1388 1306 1658 1361 barbarus

644 1385 855 1443 Tortor
882 1394 1136 1459 pararet:
1178 1402 1294 1440 non
1323 1384 1482 1439 aliter
1511 1395 1702 1438 tamen

724 1463 978 1520 Dimovit
1000 1462 1289 1519 obstantes
1355 1461 1718 1538 propinqum,

801 1541 878 1598 Et
903 1541 1172 1616 populum
1200 1540 1415 1597 reditus
1442 1554 1778 1613 morantem,

642 1617 844 1681 Quam
872 1620 921 1676 si
948 1619 1225 1676 clientum
1252 1619 1425 1694 longa
1451 1619 1681 1694 negotia

644 1699 975 1774 Dijudicatfi
1002 1699 1100 1755 lite
1126 1698 1493 1772 relinqueret,

721 1778 1004 1835 Tendens
1031 1777 1389 1834 Venafranos
1415 1779 1475 1835 in
1505 1796 1690 1853 agros,

800 1858 923 1915 Aut
948 1857 1450 1915 Lacedaemonium
1479 1856 1815 1914 Tarentum.

1150 2172 1321 2230 ODE
1361 2170 1467 2228 VI.

1113 2306 1194 2346 An
1222 2307 1527 2348 Romanos-

638 2410 913 2468 DsmcrA
940 2408 1214 2484 majorum
1245 2409 1560 2465 immeritus
1584 2408 1731 2482 lues,

638 2488 926 2559 Romane,
956 2489 1143 2545 donec
1170 2488 1381 2563 templa
1407 2487 1694 2561 refeceris,

715 2567 1008 2643 AEdesque
1036 2568 1292 2624 labentes
1320 2568 1576 2638 deorum,
1603 2577 1662 2624 et

797 2646 977 2704 Foeda
1003 2647 1167 2723 nigro
1188 2646 1493 2703 simulacra
1521 2646 1694 2703 fumo.

636 2724 745 2784 Dis
771 2737 828 2783 te
856 2726 1130 2783 minorem
1159 2723 1315 2801 quoa
1342 2726 1511 2801 geriS,
1539 2726 1809 2800 imperas:

636 2806 795 2863 Hinc
821 2824 989 2862 omne
1017 2806 1379 2881 principium,
1409 2806 1522 2859 huc
1550 2805 1697 2862 refer
1723 2804 1955 2862 exitum.

715 2883 793 2941 Di
822 2885 1000 2941 multa
1027 2884 1275 2958 neglecti
1297 2883 1580 2940 dederunt

793 2962 1088 3037 Hesperiae
1118 2961 1267 3017 mala
1293 2961 1584 3017 luctuosae.

633 3040 763 3098 Jam
793 3042 881 3096 bis
908 3039 1194 3098 Monaeses
1221 3051 1280 3097 et
1306 3039 1508 3097 Pacori
1537 3059 1742 3098 manus

631 3119 769 3177 Non
798 3119 1116 3196 auspicatos
1142 3120 1403 3176 contudit
1423 3119 1669 3194 impetus

711 3197 973 3270 NostroS,
1000 3210 1059 3257 et
1085 3199 1364 3274 adjecisse
1391 3199 1643 3273 praedam

787 3277 1115 3353 Torquibus
1140 3276 1363 3353 exiguis
1388 3278 1626 3333 renidet.

628 3354 787 3415 Pone
815 3369 1152 3433 occupatam
1181 3355 1557 3413 seditionibus

628 3433 855 3495 Delevit
882 3438 1078 3494 urbem
1109 3435 1304 3492 Dacus
1332 3445 1389 3491 et
1419 3433 1722 3511 AEthiops;

709 3515 827 3572 Ilio
855 3517 1037 3573 classe
1068 3514 1417 3585 formidatus,
1447 3513 1541 3571 ille

784 3592 1101 3650 Missilibus
1127 3596 1323 3652 melior
1351 3592 1586 3669 sagittis,

630 3668 928 3729 Foecunda
954 3672 1138 3745 culpae
1166 3673 1378 3728 saecula
1403 3671 1632 3746 nuptias

626 3747 884 3807 Primum
913 3747 1280 3822 inquinavere
1308 3760 1369 3807 et
1393 3746 1578 3824 ge'nus
1602 3758 1663 3806 et
1687 3747 1922 3807 domoc:

706 3826 840 3887 Hoc
866 3827 1021 3887 sonte
1046 3826 1298 3884 derivata
1323 3827 1516 3885 clades

2236 595 2316 655 40

2230 3117 2300 3177 10

2226 3511 2297 3571 15
