2621 4297
1012 303 1074 359 Q.
1109 302 1403 355 HoRA'rn
1436 305 1687 357 mcor

666 440 839 503 Ram
863 443 1175 503 decurrens
1200 446 1336 522 lupa
1362 446 1683 522 Lanuvino,

1142 524 1417 600 Foetaque
1444 528 1673 603 vulpes:

670 597 928 676 Rumpat
954 610 1012 657 et
1039 620 1272 677 serpens
1298 605 1405 661 iter
1433 605 1774 679 institutum,

669 677 734 735 Si
760 698 862 753 per
888 680 1180 754 obliquum
1208 683 1409 739 similis
1436 685 1655 759 sagittae

669 755 908 816 Terruit
935 777 1192 816 mannos
1277 760 1403 836 Ego
1430 764 1524 819 cui
1548 763 1777 837 timebo,

1143 837 1419 896 Providus
1447 860 1678 916 auspex,

669 911 995 989 Antequam
1025 925 1238 973 stantes
1265 929 1483 993 repetat
1502 921 1739 995 paludes

666 990 943 1050 Imbrium
972 994 1164 1051 divina
1191 996 1309 1053 avis
1338 998 1756 1071 imminentfim‚

666 1069 945 1128 Oscinem
972 1092 1201 1130 corvum
1229 1094 1400 1149 prece
1428 1077 1714 1135 suscitabo

1138 1153 1287 1210 Solis
1316 1155 1388 1209 ab
1414 1166 1559 1211 ortu.

592 1271 597 1281 .
666 1227 763 1285 Sis
787 1228 925 1286 licet
952 1229 1086 1287 felix
1113 1232 1438 1306 ubicunque
1466 1233 1664 1306 mavis,

663 1304 743 1363 Et
768 1326 985 1365 memor
1013 1311 1207 1381 nostri,
1230 1311 1488 1382 Galatea,
1514 1314 1698 1369 vivas:

664 1383 869 1460 Teque
897 1398 1016 1443 nec·
1033 1388 1207 1443 laevus
1235 1400 1384 1445 vetet
1410 1390 1492 1445 ire
1520 1391 1701 1464 picus,

1134 1464 1265 1522 Nec
1292 1485 1434 1541 vaga
1460 1469 1676 1526 cornix.

662 1540 780 1597 Sed
808 1541 966 1598 vides
990 1554 1205 1615 quanto
1231 1545 1475 1619 trepidet
1500 1547 1748 1605 tumultu

654 1616 884 1677 Pronus
909 1620 1109 1677 Orion.
1191 1621 1319 1698 Ego
1344 1624 1479 1698 quid
1508 1626 1581 1682 sit
1608 1637 1729 1683 ater

661 1695 897 1757 Hadriae
926 1700 1055 1757 novi
1084 1700 1243 1757 sinus
1270 1712 1328 1759 et
1354 1704 1490 1777 quid
1512 1705 1677 1762 albus

1133 1779 1345 1838 Peccet
1372 1781 1567 1857 Iapyx.

660 1853 931 1913 Hostium
957 1876 1161 1915 uxores
1186 1860 1459 1935 puerique
1487 1881 1672 1919 caecos

658 1934 924 1993 Sentiant
951 1948 1137 1994 motus
1162 1939 1397 1996 orientis
1425 1940 1643 2012 Austri,
1672 1950 1731 1998 et

660 2012 931 2090 AEquoris
957 2016 1106 2092 nigri
1135 2016 1442 2090 fremitum,
1470 2031 1528 2076 et
1553 2029 1862 2079 trementes

1129 2095 1385 2155 Verbere
1413 2098 1593 2173 ripas!

659 2171 762 2229 Sic
788 2182 846 2229 et
874 2172 1102 2248 Europe
1130 2176 1360 2232 niveum
1389 2178 1583 2234 doloso

657 2249 919 2306 Credidit
945 2260 1108 2307 tauro
1135 2251 1300 2323 latuS,
1330 2263 1388 2309 et
1415 2265 1730 2313 scatentem

653 2325 872 2383 Belluis
897 2339 1132 2402 pontum
1161 2331 1491 2406 mediasque
1520 2333 1747 2392 fraudes

1129 2406 1339 2467 Palluit
1366 2412 1567 2469 audax.

654 2480 856 2558 Nuper
883 2484 941 2541 in
971 2486 1147 2560 pratis
1173 2490 1430 2547 studiosa
1457 2490 1679 2564 florum,
1705 2504 1767 2551 et

651 2560 877 2620 Debitae
906 2563 1190 2641 Nymphis
1217 2569 1407 2642 opifex
1426 2588 1672 2643 coronae,

651 2639 842 2700 Nocte
872 2643 1140 2701 sublustri
1170 2647 1313 2703 nihil
1344 2659 1493 2705 astra
1518 2661 1721 2724 praeter

1127 2723 1288 2783 Vidit
1319 2738 1377 2783 et
1404 2729 1602 2785 undas.

648 2797 803 2859 Quae
829 2800 997 2858 simul
1025 2812 1256 2860 centum
1287 2806 1473 2880 tetigit
1497 2818 1785 2882 potentem

648 2876 893 2952 oppidis
919 2879 1152 2950 Creten,
1183 2887 1218 2912 “
1234 2881 1421 2955 Pater,
1449 2904 1486 2940 o
1511 2886 1776 2945 relictum

564 3019 579 3028 =
650 2954 813 3013 Filiae
841 2977 1072 3031 nomen,
1100 2959 1447 3035 pietasque,'’
1480 2964 1639 3036 dixit,

1122 3043 1157 3067 “
1177 3039 1349 3097 Victa
1377 3041 1595 3099 furore!

647 3110 856 3171 Unde?
880 3111 1011 3190 “quo
1040 3118 1210 3175 veni?
1251 3118 1422 3176 Levis
1447 3140 1565 3178 una
1593 3141 1743 3180 mors
1768 3135 1857 3183 est

645 3191 951 3267 virginum
979 3195 1176 3271 culpae.
1259 3198 1596 3274 vigilansne
1622 3204 1781 3277 ploro

646 3267 846 3348 Turpe
874 3275 1280 3333 commissum?
1323 3296 1397 3333 an
1427 3279 1577 3336 vitiis
1604 3291 1895 3340 carentem

1118 3351 1293 3411 Ludit
1329 3354 1520 3431 imago

643 3426 832 3501 Vana,
860 3448 987 3505 quae
1013 3430 1176 3506 porta
1204 3432 1431 3507 fugiens
1457 3435 1677 3497 eburna

644 3505 945 3565 Somnium
975 3510 1169 3569 ducit?
1252 3510 1539 3572 Meliusne
1571 3514 1779 3575 fluctus

644 3580 739 3642 Ite
763 3603 866 3659 per
894 3586 1091 3662 longos
1120 3590 1242 3662 fuit,
1273 3611 1348 3649 an
1377 3606 1639 3652 recentes

1116 3666 1367 3741 Carpere
1395 3670 1601 3727 flores'l

644 3735 711 3792 Si
736 3737 864 3811 quis
891 3736 1159 3796 infamem
1184 3745 1327 3802 mihi
1357 3766 1514 3803 nunc
1533 3749 1847 3822 juvencum

643 3810 834 3874 Dedat
857 3814 1046 3873 iratae!
1089 3815 1341 3878 lacerare
1368 3823 1535 3896 ferro,
1562 3835 1623 3884 et

1943 2510 1968 2540 Ἰ

2264 1002 2338 1061 10

2259 1395 2333 1454 15
