2621 4297
423 617 904 774 QUINTI
986 681 1546 757 HORATII
1629 683 2116 762 FLACCI

956 929 1602 997 CARMINUM

1007 1172 1226 1223 LIBER
1256 1174 1548 1225 PRIMUS.

1157 1611 1331 1672 ODE
1369 1611 1419 1671 1.

1007 1747 1090 1788 An
1129 1749 1550 1790 uncam-nm.

600 1846 939 1920 Minonis,
966 1848 1144 1907 atavis
1169 1850 1324 1907 edite
1353 1850 1606 1926 regibus,

597 1927 655 1986 Ο
681 1938 740 1985 et
764 1927 1091 2003 praesidium
1117 1939 1176 1985 et
1203 1929 1372 1986 dulce
1399 1929 1577 1986 decus
1603 1931 1827 1988 meum!

598 2008 747 2065 Sunt
773 2025 916 2080 quos
943 2007 1226 2063 curriculo
1246 2008 1536 2081 pulverem
1562 2008 1929 2084 Olympicum

596 2086 916 2162 Collegisse
937 2083 1125 2159 juvat3
1168 2095 1431 2159 metaque
1461 2085 1690 2142 fervidis

594 2166 820 2224 Evitata
846 2163 1003 2235 rotie,
1028 2163 1326 2240 palmaque
1354 2163 1580 2236 nobilis,
2223 2170 2267 2231 ὅ

597 2244 909 2303 Terrarum
937 2243 1196 2301 dominos
1222 2243 1412 2301 evehit
1438 2245 1512 2301 ad
1541 2210 1707 2302 d'eos·

594 2323 793 2395 Hunc,
822 2323 871 2380 si
896 2322 1189 2379 mobilium
1217 2323 1384 2380 turba
1407 2322 1729 2385 Quiritium

594 2403 793 2462 Certat
818 2402 1150 2477 tergeminis
1176 2402 1374 2459 tollere
1403 2403 1744 2474 honoribus3

593 2481 789 2551 Illum,
817 2481 863 2538 si
891 2481 1115 2557 proprio
1142 2481 1401 2538 condidit
1428 2482 1630 2540 horreo

593 2560 893 2635 Quidquid
922 2560 995 2617 de
1024 2559 1258 2634 Libycis
1284 2560 1521 2621 verritur
1550 2558 1713 2619 areis
2189 2564 2264 2624 ιο

594 2640 957 2698 Gaudentem
983 2640 1195 2714 patrios
1214 2638 1434 2697 findere
1463 2638 1689 2696 sarculo

592 2719 779 2796 Agros
808 2718 1075 2775 Attalicis
1099 2718 1469 2774 conditionib
1473 2736 1523 2774 is

592 2797 905 2873 Nunquam
932 2797 1221 2854 dimoveas
1247 2808 1310 2853 ut
1339 2796 1498 2853 trabe
1526 2795 1739 2872 Cypriss

591 2876 884 2953 Myrtoum
911 2877 1148 2952 pavidus
1174 2886 1349 2933 nauta
1375 2886 1531 2933 secet
1557 2894 1730 2933 mare.

591 2956 935 3015 Luctantem
963 2954 1163 3013 Icariis
1190 2955 1458 3013 fluctibus
1489 2955 1758 3015 Africum
2184 2961 2260 3021 15

592 3035 881 3094 Mercator
910 3046 1190 3125 metuens»,
1215 3036 1398 3093 otium
1418 3046 1477 3092 et
1503 3035 1698 3111 oppidi

589 3115 815 3173 Laudat
840 3134 973 3172 rura
997 3115 1114 3173 sui:
1157 3135 1289 3173 mox
1315 3115 1499 3173 reficit
1524 3125 1678 3173 rates

585 3194 867 3283 Quassa3‚
896 3193 1156 3251 indocilis
1182 3194 1511 3270 pauperiem
1538 3194 1671 3270 pati.

587 3270 692 3330 Est
717 3271 814 3346 qui
842 3290 952 3328 nec
979 3272 1184 3331 veteris
1209 3273 1416 3348 pocula
1442 3272 1699 3346 Massici,

587 3349 717 3408 Nec
743 3361 961 3426 partem
986 3351 1169 3410 solido
1194 3352 1427 3410 demere
1455 3353 1528 3409 de
1554 3352 1649 3409 die
2171 3351 2255 3415 m

589 3429 838 3505 Spernit,
867 3449 1025 3487 nunc
1052 3430 1217 3488 viridi
1244 3431 1503 3488 membra
1527 3430 1637 3486 sub
1661 3427 1868 3487 arbum

586 3509 826 3581 Stratus,
853 3527 1014 3565 nunc
1040 3509 1112 3563 ad
1140 3527 1300 3580 aquae
1325 3509 1455 3563 lene
1483 3515 1655 3580 caput
1681 3522 1857 3565 sacrae

584 3585 800 3645 Multos
827 3589 1024 3645 castra
1035 3584 1253 3660 juvant,
1280 3595 1339 3643 et
1365 3584 1508 3643 lituo
1529 3583 1679 3643 tubae

582 3665 909 3725 Permixtus
930 3665 1172 3737 sanitae,
1201 3664 1460 3740 bellaque
1484 3665 1762 3725 matribus

583 3744 899 3805 Detestata.
980 3743 1184 3805 Manet
1208 3745 1318 3802 sub
1342 3745 1488 3804 Jove
1514 3745 1726 3821 frigido
2167 3744 2250 3807 25

583 3824 862 3898 Venator,
888 3836 1101 3885 tenerae
1127 3824 1389 3901 oonJugis
1412 3824 1737 3891 mnemon
