2621 4297
879 339 1374 393 EPISTOLARUM
1408 342 1539 392 Lm.
1575 345 1617 394 1.
1652 349 1701 394 4.
2103 365 2108 376 ·
2162 350 2279 413 149

358 479 536 544 Bella
560 483 688 560 quis
714 494 772 541 et
797 503 970 561 paces
995 485 1230 562 longum
1258 486 1527 544 diffundit
1553 486 1612 544 in
1643 491 1872 549 aevum!

372 563 539 625 Quid
568 562 780 634 Tffius,
811 563 1076 621 Romana
1106 565 1257 622 brevi
1287 578 1557 623 venturus
1585 567 1643 624 in
1671 587 1791 641 ora,

378 642 669 700 Pindarici
702 642 869 699 fontis
896 642 992 717 qui
1021 662 1136 700 non
1164 645 1435 719 expalluit
1459 647 1711 719 haustus,
2206 650 2281 712 lo

377 720 660 778 Fastidire
688 722 846 777 lacus
872 733 931 778 et
958 723 1104 779 rivos
1132 731 1303 778 ausus
1326 727 1588 799 apertos?

378 799 459 857 Ut
485 799 676 857 valet?
717 812 780 856 ut
806 802 1066 857 meminit
1094 802 1310 858 nostri?
1352 803 1634 861 fidibusne
1662 803 1884 863 Latinis

377 875 695 936 Thebanos
723 891 916 954 aptare
944 881 1143 936 modos
1170 882 1377 952 studet,
1408 883 1638 957 auspice
1668 882 1840 941 Musa
1857 887 1884 941 9

379 958 478 1014 An
507 958 725 1032 tragica
753 959 985 1015 desaevit
1011 971 1068 1015 et
1095 959 1433 1035 ampullatur
1463 962 1519 1018 in
1549 963 1714 1018 arte?

376 1036 541 1097 Quid
564 1036 705 1092 mihi
732 1037 939 1093 Celsus
967 1038 1123 1112 agit?
1167 1041 1433 1112 monituS,
1457 1038 1813 1115 multumque
1830 1044 2174 1120 monendus,
2205 1045 2280 1104 15

378 1113 633 1172 Privatae
662 1126 724 1172 ut
749 1126 962 1189 quaerat
989 1136 1147 1192 opes,
1175 1128 1233 1174 et
1258 1129 1495 1192 tangere
1526 1119 1658 1176 vitet

379 1194 606 1269 Scripta
633 1193 926 1250 Palatinus
952 1213 1308 1268 quaecunque
1338 1198 1551 1270 recepit
1580 1197 1819 1273 Apollo:

379 1272 493 1343 Ne,
523 1273 569 1330 si
599 1271 740 1330 sorte
769 1292 901 1329 suas
927 1273 1227 1348 repetitum
1259 1276 1473 1330 venerit
1497 1275 1631 1331 olim

376 1352 537 1408 Grex
562 1354 749 1410 avium
780 1352 1023 1427 plumas,
1053 1363 1276 1408 moveat
1301 1354 1596 1409 cornicula
1623 1354 1818 1426 risum,

381 1429 629 1487 Furtivis
656 1431 869 1487 nudata
895 1430 1195 1487 coloribus.
1280 1430 1411 1506 Ipse
1438 1433 1575 1508 quid
1604 1433 1821 1490 audes!
2177 1421 2283 1497 ’ω

380 1509 535 1570 Quae
562 1508 979 1567 circumvolitas
1009 1510 1173 1584 agilis
1201 1511 1436 1584 thyma?
1478 1530 1594 1567 non
1623 1512 1725 1568 tibi
1753 1531 1988 1589 parvum

385 1588 713 1665 Ingenium,
743 1607 857 1644 non
885 1589 1163 1645 incultum
1192 1601 1297 1661 est,
1329 1607 1438 1646 nec
1466 1592 1702 1667 turpiter
1732 1592 1957 1650 hirtum.

354 1733 357 1744 Ι
382 1669 501 1724 Seu
529 1668 787 1742 linguam
817 1669 1007 1724 causis
1034 1668 1213 1738 acuis,
1241 1688 1344 1724 seu
1371 1670 1554 1726 civica
1577 1671 1707 1746 jura

384 1746 761 1823 Respondete
788 1765 970 1821 paras,
999 1766 1101 1803 seu
1128 1749 1332 1804 condis
1360 1749 1602 1805 amabile
1630 1767 1882 1822 carmen,

382 1825 572 1884 Prima
601 1826 748 1883 feres
777 1826 1001 1882 liederae
1030 1827 1278 1883 victricis
1304 1828 1569 1902 praemia:
1610 1825 1764 1902 quod
1791 1830 1841 1885 si
2193 1829 2277 1890 25

382 1905 614 1981 Frigida
640 1923 907 1962 curarum
938 1906 1189 1962 fomenta
1216 1906 1535 1980 relinquere
1560 1925 1777 1981 posses,

378 1983 522 2045 Quo
549 1996 606 2042 te
633 1984 882 2041 coelestis
908 1985 1184 2058 sapientia
1212 1986 1469 2054 duceret,
1499 1986 1626 2041 ires,

382 2062 513 2120 Hoc
542 2083 702 2139 opuS,
733 2065 843 2119 hoc
872 2062 1121 2118 studium
1152 2065 1305 2137 parvi
1334 2081 1698 2139 properemus
1723 2076 1783 2120 et
1807 2062 2000 2139 ampli,

382 2142 448 2218 Si
475 2136 668 2218 patriae
696 2143 976 2213 volumus,
1006 2142 1052 2199 si
1083 2142 1267 2213 nobis,
1296 2142 1482 2200 vivere
1508 2143 1644 2199 cari.
2010 2160 2022 2173 ·

458 2222 651 2279 Debes
679 2223 787 2279 boc
812 2221 985 2278 etiam
1014 2222 1347 2293 rescribere,
1376 2223 1423 2279 si
1450 2222 1553 2279 tibi
1582 2241 1754 2293 curae,
2191 2218 2275 2285 80

376 2299 631 2361 Quanta-2
659 2301 978 2372 conveniat,
1008 2300 1306 2360 Munatius
1330 2322 1344 2358 t
1387 2321 1460 2358 an
1490 2300 1638 2359 male
1667 2312 1820 2359 sarta

377 2379 578 2437 Gratia
605 2380 982 2455 nequidquam
1011 2382 1127 2437 coit
1153 2394 1212 2437 et
1237 2382 1617 2438 rescinditur?
1660 2394 1717 2438 at
1743 2400 1842 2439 vos

380 2459 498 2515 Seu
526 2460 745 2516 calidus
770 2459 1025 2533 sanguiS,
1053 2477 1152 2515 seu
1182 2478 1374 2516 rerum
1403 2460 1634 2517 inscitia
1662 2471 1825 2517 vexat

379 2535 667 2595 Indomita
697 2539 920 2594 cervice
950 2538 1115 2608 ἴθι-οε,
1146 2539 1474 2613 ubicunque
1503 2539 1756 2594 locorum

377 2608 605 2687 vivitis,
637 2616 858 2691 indigni
890 2615 1197 2673 fraternum
1227 2636 1490 2692 rumpere
1517 2616 1720 2686 foedus,
2191 2610 2276 2679 83

377 2693 638 2753 Pascitur
665 2696 726 2753 in
754 2705 1002 2751 vestrum
1029 2696 1277 2752 reditum
1304 2696 1488 2752 votiva
1510 2695 1772 2770 juvenca.

1012 3008 1419 3067 EPISTOLA
1465 3009 1570 3067 IV.

919 3147 1002 3186 AD
1042 3146 1276 3186 Amnum
1318 3147 1643 3187 TIBULMJM.

380 3249 560 3321 Arm,
587 3259 909 3306 nostrorum
940 3262 1267 3304 sermonum
1296 3247 1542 3304 candide
1564 3249 1760 3324 judex,

376 3322 544 3390 Quid
574 3348 732 3385 nunc
761 3339 816 3385 te
843 3327 1030 3384 dicam
1063 3327 1251 3383 facere
1281 3327 1339 3383 in
1371 3328 1602 3403 regione
1632 3324 1905 3383 Pedanm

368 3404 646 3465 Scribere
672 3408 822 3481 quod
851 3406 1017 3463 Cassi
1048 3406 1374 3462 Parmensis
1398 3407 1673 3480 wuscula
1702 3401 1932 3460 vincat?

354 3484 481 3543 *An
507 3487 742 3543 tacitum
766 3486 939 3542 silvas
968 3485 1113 3540 inter
1140 3494 1362 3557 reptare
1390 3484 1664 3551 salubres,
1779 3526 1784 3531 .

377 3564 694 3623 Cur-antem
721 3564 994 3639 quidquid
1020 3562 1262 3635 dignum
1288 3561 1560 3641 sapiente·
1585 3559 1841 3631 bonoque
1867 3560 1996 3617 est?
2230 3548 2273 3608 δ

376 3641 517 3701 Non
540 3654 607 3701 tu
634 3658 839 3719 corpus
864 3661 992 3701 eras
1019 3640 1144 3697 sine
1171 3650 1419 3715 pectore.
1502 3636 1580 3693 Di
1607 3638 1709 3693 tibi
1739 3638 1995 3711 formam,

376 3719 456 3780 Di
483 3723 589 3781 tibi
616 3722 839 3779 divitias
865 3723 1165 3791 dederuut,
1192 3730 1485 3793 artemque
1512 3716 1754 3774 fluendi.

454 3801 621 3863 Quid
648 3811 850 3858 voveat
874 3801 1032 3857 dulci
1062 3798 1349 3857 nutricula
1373 3796 1558 3873 majus
1581 3797 1835 3869 alumno,

377 3879 509 3948 Qui
535 3882 737 3957 sapere
763 3893 823 3937 et
852 3880 955 3992 fari
980 3879 1157 3954 possit
1182 3894 1310 3953 quoe
1338 3879 1564 3948 estuat,
1593 3889 1653 3933 et
1678 3874 1775 3933 cui
