2621 4297
351 306 462 367 mo
756 322 762 327 —
996 302 1059 360 o„
1092 301 1386 353 nonu-11
1419 301 1668 352 ruem

423 443 525 504 Ue
549 455 810 505 constare
836 445 976 504 mihi
1002 446 1136 517 scis,
1163 456 1223 502 et
1248 444 1546 502 discedere
1571 443 1812 516 tristem,

419 523 902 599 Quandocunque
929 525 1162 582 trahunt
1187 523 1369 581 invisa
1394 523 1626 598 negotia
1651 523 1899 580 Romam

423 602 560 662 Non
587 605 788 661 eadem
818 603 1087 660 miramur
1106 623 1126 671 ;⁴
1162 599 1233 660 eo
1259 602 1617 659 disconvenit
1642 601 1790 658 inter

424 679 634 756 Meque
661 693 720 739 et
744 693 833 738 te:
876 700 1029 752 nam,
1056 699 1181 755 quae
1210 682 1433 737 deserta
1459 691 1518 736 et
1545 679 1827 754 inhospita
1852 689 2052 753 tesqua

423 758 646 832 Credis,
676 779 899 817 amoena
925 771 1088 817 vocat
1115 777 1340 816 mecum
1369 758 1465 832 qui
1494 758 1684 828 sentit,
1713 770 1771 815 et
1795 758 1917 815 odit

426 839 579 901 Quae
607 852 669 897 tu
694 839 932 914 pulchra
956 849 1137 912 putas.
1221 835 1269 892 F
1271 837 1435 894 ornix
1462 836 1563 893 tibi
1591 848 1650 893 et
1677 847 1852 894 uncta
1876 836 2087 913 popina

422 918 722 977 Incutiunt
749 917 904 973 urbis
931 917 1294 986 desiderium,
1325 915 1515 982 video;
1559 926 1617 972 et
1642 912 1796 989 quod

431 997 691 1072 Angulus
719 996 826 1052 iste
855 996 995 1051 feret
1023 995 1181 1070 piper
1208 1005 1266 1050 et
1293 994 1426 1050 thus
1451 990 1616 1051 ocius
1643 994 1787 1062 uvz‘i3

424 1076 554 1133 Nec
582 1075 771 1131 vicina
797 1074 1009 1144 subest,
1037 1073 1232 1129 vinum
1260 1072 1509 1146 praebere
1538 1072 1777 1128 taberna'

420 1153 576 1218 Quae
603 1153 778 1229 possit
803 1153 903 1208 tibi
928 1172 941 1219 3
985 1170 1095 1208 nec
1124 1150 1389 1207 meretrix
1415 1150 1669 1221 tibicina,
1698 1150 1863 1225 cujus

424 1234 521 1291 Ad
549 1232 842 1306 strepitum
871 1230 1038 1286 salias
1064 1241 1226 1286 terrae
1249 1230 1449 1304 gravis
1533 1229 1609 1286 Et
1634 1242 1825 1286 tamen
1854 1247 2024 1305 urges

424 1311 776 1386 Jampridem
807 1329 921 1366 non
950 1320 1101 1365 tacta
1128 1308 1414 1383 ligonibus
1440 1327 1589 1378 arva,
1618 1307 1928 1383 bovemque

426 1390 792 1465 Disjunctum
821 1407 1008 1456 curaS,
1039 1399 1096 1443 et
1123 1386 1333 1443 strictis
1362 1387 1654 1443 frondibus
1675 1386 1898 1462 exples:

428 1468 609 1525 Addit
634 1486 777 1541 opus
802 1466 964 1540 pigro
992 1465 1163 1534 rivuS,
1192 1464 1239 1520 si
1268 1464 1484 1521 decidit
1511 1466 1711 1536 imber,

426 1545 612 1603 Multa
640 1546 787 1601 mole
815 1545 1109 1601 docendus
1136 1542 1327 1617 aprico
1351 1561 1583 1617 parcere
1612 1555 1788 1619 prato.

504 1623 700 1694 Nunc,
725 1641 849 1697 age,
877 1622 1012 1696 quid
1042 1631 1293 1678 nostrum
1323 1633 1667 1679 concentum
1696 1623 1928 1695 dividat,
1958 1623 2109 1681 audi.

424 1702 620 1764 Quem
649 1712 850 1758 tenues
877 1698 1127 1757 decuere
1155 1712 1301 1775 togae
1332 1701 1607 1776 nitidique
1635 1701 1847 1776 capilli,

422 1780 622 1844 Quem
652 1778 801 1837 nosti
830 1779 1085 1851 bibulum
1111 1779 1304 1837 media
1332 1780 1405 1836 de
1432 1780 1560 1837 luce
1589 1778 1840 1851 Falerni,

426 1859 610 1917 Coena
637 1859 819 1917 brevis
840 1858 1017 1933 juvat,
1046 1869 1104 1914 et
1128 1878 1301 1933 prope
1329 1858 1509 1915 rivum
1538 1878 1771 1919 somnus
1799 1859 1860 1916 in
1889 1858 2099 1918 herba:

428 1936 560 1996 Nec
587 1939 788 1995 lusisse
814 1938 1009 2013 pudet,
1041 1937 1141 1994 sed
1171 1956 1285 1994 non
1316 1937 1569 1994 incidere
1596 1936 1812 1995 ludum.

428 2016 563 2074 Non
592 2018 761 2075 isthic
786 2015 1015 2091 obliquo
1041 2016 1209 2073 oculo
1235 2035 1365 2073 mea
1391 2018 1690 2073 commoda
1716 2016 2012 2092 quisquam

427 2096 649 2167 Limat;
694 2115 808 2154 non
836 2096 968 2154 odlo
993 2096 1235 2153 obscuro
1261 2114 1563 2171 morsuque
1591 2106 1850 2154 venenat.

428 2175 652 2233 Rident
677 2176 847 2234 vicini
874 2175 1069 2249 glebas
1095 2185 1153 2230 et
1178 2173 1320 2229 sa'xa
1347 2186 1682 2229 moventem.

429 2252 580 2311 Cum
609 2254 783 2311 servis
811 2253 1028 2309 urbana
1056 2251 1235 2307 diaria
1262 2252 1462 2308 rodere
1489 2251 1703 2320 mavis;

429 2331 654 2389 Horum
682 2342 743 2387 tu
771 2331 831 2386 in
860 2347 1156 2385 numerum
1188 2340 1316 2386 voto
1342 2329 1476 2386 ruiS.
1558 2327 1788 2387 Invidet
1813 2348 1981 2398 usum

428 2409 743 2485 Lignorum
770 2419 829 2464 et
853 2407 1075 2482 pecoris
1102 2407 1205 2464 tibi
1232 2408 1358 2465 calo
1385 2419 1618 2484 argutus
1643 2420 1701 2465 et
1727 2409 1890 2466 horti.

427 2486 608 2564 Optat
633 2487 895 2564 ephippia
925 2487 1025 2544 bos
1050 2486 1244 2562 piger;
1282 2497 1439 2562 optat
1467 2507 1625 2548 arare
1653 2487 1924 2545 caballus.

427 2564 625 2629 Quam
652 2567 761 2626 scit
787 2577 1042 2641 uterque,
1068 2566 1271 2637 libens,
1301 2566 1569 2638 censebo,
1598 2578 1863 2625 exerceat
1890 2576 2086 2625 artem.

1033 2879 1441 2937 EPISTOLA
1483 2880 1618 2937 XV.

994 3013 1075 3053 AD
1103 3015 1146 3052 N
1148 3015 1322 3054 UMON
1324 3016 1437 3054 mM
1463 3015 1681 3054 VALAM.

425 3117 609 3179 Qun:
638 3115 711 3173 sit
740 3115 922 3171 hiems
948 3114 1149 3185 Veliae,
1175 3115 1329 3189 quod
1356 3116 1584 3188 coelum,
1614 3116 1780 3188 Vala,
1811 3117 2056 3191 Salerni,

425 3195 693 3257 Quorum
723 3193 1016 3250 hominum
1046 3194 1222 3268 regio,
1250 3205 1308 3251 et
1336 3195 1516 3269 qualis
1537 3196 1627 3252 via
1651 3216 1664 3252 ε
1710 3194 1872 3270 (nam
1900 3197 2042 3254 mihi
2069 3196 2242 3255 Baias

429 3274 599 3332 Musa
622 3291 998 3348 supervacuas
1027 3272 1337 3344 AntoniuS,
1365 3285 1423 3330 et
1449 3285 1641 3331 tamen
1671 3273 1781 3331 illis

427 3352 529 3410 Me
557 3353 692 3410 facit
719 3351 982 3421 invisum,
1011 3351 1201 3426 gelida
1228 3370 1403 3426 quum
1430 3353 1656 3426 perluor
1685 3352 1842 3409 unda

427 3432 537 3490 Per
565 3431 816 3489 medium
847 3431 1054 3505 frigus:
1100 3427 1239 3486 sanc
1269 3442 1509 3505 myrteta
1536 3432 1798 3506 relinqui,

427 3508 711 3584 Dictaque
740 3522 1057 3566 cessantem
1086 3508 1274 3566 nervis
1302 3510 1512 3566 elidere
1541 3510 1800 3566 morbum

428 3588 714 3663 Sulphura
740 3588 1049 3658 contemni,
1078 3588 1237 3644 vicus
1263 3588 1461 3663 gemit,
1491 3589 1714 3645 invidus
1743 3589 1906 3665 aegris

426 3665 551 3725 Qui
580 3677 749 3741 caput
778 3678 834 3721 et
862 3667 1213 3721 stomachum
1243 3684 1559 3741 supponere
1589 3666 1837 3724 sontibus
1864 3665 2080 3727 audent

429 3740 703 3812 Clusinis,
731 3742 1055 3814 Gabiosque
1082 3754 1282 3815 petunt
1308 3754 1367 3799 et
1394 3744 1594 3819 frigida
1621 3763 1785 3803 rura:

431 3814 746 3873 Mutandus
772 3820 932 3875 locus
959 3829 1064 3891 est,
1092 3829 1150 3875 et
1175 3820 1481 3878 diversoria
1506 3831 1640 3880 nota

2258 3824 2333 3883 10
