2621 4297
974 312 1377 374 mamma(
1411 313 1545 366 un.
1579 314 1653 374 11,

636 453 931 513 Oblivioso
955 454 1105 514 levia
1119 454 1376 516 Massico

637 532 872 592 Ciboria
896 535 1092 610 exple:
1136 536 1313 596 funde
1341 536 1650 613 capacibus

717 611 1029 687 Unguenta
1053 615 1126 671 de
1153 615 1408 672 conchis·
1470 615 1627 676 Quis
1654 616 1769 674 udo

795 690 1187 768 Deproperare
1216 694 1345 769 apio
1372 713 1612 752 coronas

637 769 887 838 curatve
916 775 1133 846 myrto?
1172 792 1344 847 quem
1373 773 1575 830 Venus
1601 773 1874 834 arbitrum

636 847 810 912 Dicet
828 850 1106 908 bibendi?
1168 852 1304 910 Non
1332 871 1440 927 ego
1460 848 1660 911 sanius

717 926 1051 988 Bacchabor
1080 928 1330 988 Edonis:
1372 941 1604 1007 recepto

793 1006 983 1066 Dulce
1012 1009 1150 1068 mihi
1178 1009 1364 1070 furere
1392 1022 1478 1068 est
1506 1010 1711 1069 amico.

1046 1285 1063 1296 ”
1151 1319 1323 1378 oDE
1364 1319 1468 1380 vl.

1121 1457 1202 1496 AD
1224 1458 1511 1498 VALGIUM.

635 1556 696 1615 N
698 1576 779 1615 on
805 1555 1027 1635 seinper
1056 1559 1265 1617 imbres
1292 1551 1545 1630 nubibus
1573 1561 1825 1638 hispidos

634 1635 877 1695 Manent
903 1639 963 1695 in
992 1658 1175 1714 agroS,
1205 1651 1302 1697 aut
1330 1659 1485 1697 mare
1514 1639 1790 1717 Caspium

715 1716 942 1775 Vexent
967 1717 1275 1793 inaequales
1295 1720 1562 1808 prcfficellae
1765 1791 1772 1800 ·

792 1795 983 1871 Usque
1006 1818 1021 1867 ;
1063 1816 1174 1856 nec
1196 1798 1492 1856 Armeniis
1517 1799 1580 1856 in
1605 1799 1739 1873 oris,

636 1873 843 1932 Amice
871 1876 1061 1954 Valgi,
1085 1888 1196 1938 stat
1221 1878 1436 1954 glacies
1463 1878 1618 1935 iners

632 1951 869 2011 Menses
896 1974 996 2030 per
1022 1976 1221 2016 omnes
1244 1977 1258 2025 ;
1302 1969 1401 2013 aut
1428 1957 1817 2030 Aquilonibus

710 2032 1013 2098 Querceta
1036 2034 1291 2108 Gargani
1317 2036 1597 2106 laborant,

793 2110 872 2171 Et
899 2111 1046 2173 foliis
1067 2113 1373 2176 viduantur
1400 2112 1543 2171 orni.

634 2192 733 2251 Tu
760 2210 985 2267 semper
1012 2211 1183 2268 urges
1210 2191 1495 2251 flebilibus
1521 2193 1707 2251 modis

635 2270 866 2347 Mysten
898 2272 1255 2347 ademptum:
1297 2291 1409 2330 nec
1436 2272 1540 2329 tibi
1562 2273 1820 2350 Vespero

716 2351 1000 2426 Surgente
1027 2351 1319 2407 decedunt
1345 2371 1587 2424 amores,

794 2427 854 2485 N
858 2448 928 2486 ec
954 2430 1216 2504 rapidum
1238 2429 1494 2504 fugiente
1523 2430 1735 2490 Solem.

638 2506 721 2565 At
745 2526 861 2566 non
888 2519 974 2567 ter
1002 2527 1122 2565 aevo
1150 2508 1383 2565 functus
1411 2509 1712 2566 amabilem

635 2586 881 2645 Ploravit
905 2606 1106 2644 omnes
1133 2587 1512 2649 Antilochum
1538 2605 1718 2645 senex

717 2667 956 2723 Annos:
998 2684 1110 2722 nec
1136 2666 1427 2741 impubem
1454 2676 1723 2742 parentes

795 2743 1063 2815 Troilon,
1092 2755 1194 2801 aut
1217 2743 1482 2820 Phrygiae
1510 2763 1748 2818 sororeS,
1845 2756 1852 2763 ’

637 2821 1145 2899 ΓῙΘνόιεηεθωρετ.
1213 2823 1431 2881 Desine
1459 2823 1717 2880 mollium

637 2901 905 2960 Tandem
932 2902 1319 2977 querelarum:
1361 2916 1419 2962 et
1443 2900 1634 2980 potius
1661 2921 1807 2962 nova

717 2980 1034 3039 Cantemus
1061 2983 1312 3058 Augusti
1342 2994 1553 3059 tropaea

795 3060 1059 3132 Caesaris,
1088 3072 1146 3118 et
1171 3062 1417 3138 rigidum
1446 3062 1761 3138 Niphaten,

636 3137 990 3214 Medumque
1018 3139 1250 3212 flumen,
1279 3142 1547 3217 gentibus
1575 3143 1834 3201 additum

636 3218 843 3291 VictiS,
873 3219 1121 3279 minores
1142 3220 1363 3279 volvere
1391 3223 1650 3297 vortices,

715 3296 984 3373 Intraque
1010 3300 1400 3376 praescrjptum
1427 3301 1679 3361 Gelonos

791 3377 1034 3454 Exigitis
1059 3380 1315 3454 equitare
1342 3381 1576 3454 campis.

2235 2269 2313 2330 10

2233 2667 2309 2726 1⁵
