2621 4297
958 321 1238 373 nomn
1272 322 1496 373 um
2140 327 2227 389 α

1073 544 1244 602 ODE
1269 545 1382 602 XI.

846 680 927 719 An
968 681 1248 723 POPULUM
1287 682 1611 723 ROMANUM.

401 782 655 840 Amm
677 779 798 856 jam
826 781 1025 840 teritur
1052 781 1213 839 bellis
1240 782 1502 840 civilibus
1531 793 1686 857 aetas,

478 861 611 918 Suis
636 870 695 918 et
722 861 847 935 ipsa
874 859 1068 917 Roma
1096 861 1306 918 viribus
1332 862 1479 918 ruit:

396 938 591 1002 Quam
618 957 806 1013 neque
834 938 1061 997 finitimi
1090 940 1389 997 valuerunt
1412 941 1651 1016 perdere
1679 939 1881 1015 Marsi,

475 1017 726 1075 Minacis
752 1029 852 1075 aut
878 1017 1123 1075 Etrusca
1148 1018 1412 1076 Porsenae
1441 1038 1663 1091 manus,

403 1097 635 1156 AEmula
660 1115 771 1154 nec
798 1097 973 1155 virtus
1000 1097 1235 1172 Capuae,
1264 1116 1375 1155 nec
1413 1099 1720 1173 Spartacus
1747 1116 1901 1172 acer,
2175 1102 2217 1159 6

475 1175 767 1250 Novisque
794 1176 967 1232 rebus
996 1175 1242 1232 infidelis
1270 1176 1565 1248 Allobrox,

399 1254 527 1313 Nec
554 1254 674 1311 fera
700 1254 950 1311 coerulea
978 1254 1199 1312 domuit
1224 1254 1536 1312 Germania
1563 1254 1736 1330 pube,

474 1333 926 1408 Parentibusque
954 1333 1316 1391 abominatus
1344 1333 1670 1392 Hannibal:

399 1413 583 1489 Impia
608 1413 912 1488 perdemus
940 1412 1127 1472 devoti
1156 1412 1453 1488 sanguinis
1480 1424 1635 1485 aetas,

475 1490 750 1566 Ferisque
777 1510 980 1559 rursus
994 1492 1368 1582 occupabitur
1396 1491 1596 1549 solum.
2140 1493 2213 1552 io

399 1570 700 1642 Barbarus,
731 1571 875 1627 heu!
918 1571 1142 1628 cineres
1170 1572 1394 1629 insistet
1421 1571 1619 1644 victor,
1646 1580 1707 1628 et
1735 1569 1948 1631 Urbem

471 1649 664 1724 Eques
692 1661 928 1706 sonante
953 1649 1272 1708 verberabit
1298 1650 1547 1726 ungula:

396 1727 657 1802 Quoeque
685 1739 883 1785 carent
909 1729 1091 1786 ventis
1117 1741 1176 1786 et
1203 1730 1437 1801 solibus,
1464 1748 1596 1787 ossa
1618 1727 1876 1802 Quirini,

474 1805 657 1864 Nefas
686 1806 905 1864 videre!
952 1808 1247 1883 dissipabit
1274 1808 1540 1866 insolens.

399 1883 588 1957 Forte,
615 1885 752 1960 quid
779 1885 1063 1961 expediat,
1091 1889 1491 1959 communiter,
1519 1897 1620 1944 aut
1646 1887 1848 1945 melior
1873 1903 2027 1962 para,
2135 1885 2209 1944 15

476 1962 645 2021 Malis
672 1983 868 2022 carere
896 1965 1148 2038 quaeritis
1173 1965 1478 2023 laboribus.

400 2041 571 2100 Nulla
596 2043 669 2100 sit
694 2044 806 2099 hac
833 2045 1016 2118 potior
1045 2044 1358 2101 sententia:
1403 2042 1773 2101 Phocaeorum

473 2121 647 2180 Velut
672 2121 925 2198 profugit
951 2131 1243 2179 exsecrata
1267 2120 1487 2194 civitas,

399 2201 582 2278 Agros
610 2213 777 2276 atque
805 2201 982 2258 Lares
1007 2202 1277 2276 proprios,
1307 2201 1728 2277 habitandaque
1755 2200 1887 2262 fana

471 2281 646 2356 Apris
673 2277 901 2355 reliquit
927 2291 986 2337 et
1011 2281 1313 2355 rapacibus
1339 2281 1519 2357 lupis3
2125 2278 2207 2339 2⁰

396 2357 487 2422 Ire
512 2360 690 2435 pedes
713 2377 1053 2433 quocunque
1081 2358 1285 2430 ferent,
1314 2377 1655 2435 quocunqne
1681 2377 1783 2437 per
1810 2358 1999 2418 undas

375 2503 380 2512 ,
471 2437 661 2495 Notus
688 2438 908 2495 vocabit
934 2448 1033 2495 aut
1058 2449 1356 2513 protervus
1384 2438 1632 2495 Africus.

399 2517 495 2575 Sic
521 2517 750 2592 placet?
792 2535 866 2573 an
893 2514 1100 2574 melius
1128 2525 1256 2591 quis
1283 2517 1457 2572 habet
1482 2516 1761 2574 suadere?
1802 2514 2058 2574 secunda

471 2595 685 2653 Ratem
710 2614 991 2670 occupare
1017 2587 1154 2670 quid
1181 2613 1467 2653 moramur
1496 2594 1668 2651 alite'l

396 2674 552 2732 Sed
531 2693 789 2749 juremus
814 2674 875 2730 in
903 2675 1061 2731 haec:
1105 2673 1391 2731 “Simul
1376 2673 1507 2730 imis
1533 2691 1670 2729 saxa
1695 2671 1951 2730 renarint
2122 2671 2204 2732 25

486 2752 668 2810 Vadis
694 2752 895 2823 levata,
925 2771 1003 2809 ne
1027 2752 1213 2809 redire
1242 2752 1316 2809 sit
1341 2751 1535 2808 nefas:

394 2829 526 2889 Neu
554 2850 827 2888 conversa
853 2832 1085 2888 domum
1110 2830 1304 2906 pigeat
1332 2829 1467 2887 dare
1495 2830 1690 2902 lintea,
1716 2829 1944 2926 quando

468 2909 661 2968 Padus
689 2908 911 2967 Matina
938 2909 1133 2967 laverit
1158 2908 1494 2978 cacumina3

394 2986 463 3046 In
489 3008 646 3046 mare
673 3006 775 3045 seu
803 2988 990 3045 celsus
1015 2989 1355 3063 procurrerit
1385 2988 1760 3063 Apenninus3

468 3065 747 3142 Novaque
774 3077 1026 3123 monstra
1047 3067 1297 3142 junxerit
1314 3067 1560 3124 libidine
2123 3062 2205 3123 ω

393 3142 576 3204 Mirus
602 3164 779 3216 amor,
802 3145 960 3220 juvet
985 3157 1051 3202 ut
1078 3146 1249 3221 tigres
1275 3146 1569 3204 subsidere
1594 3144 1797 3219 cervia,

468 3224 839 3282 Adulteroeur
865 3235 925 3282 et
945 3224 1213 3282 columba
1238 3225 1434 3297 miluo,

331 3365 336 3368 Α
392 3300 644 3361 Credula
668 3321 780 3360 nec
805 3321 969 3361 ravos
995 3304 1232 3362 timeant
1259 3314 1516 3363 armenta
1540 3304 1759 3376 leones,

469 3382 755 3456 Ametque
781 3381 931 3440 salsa
954 3382 1093 3440 levis
1120 3383 1314 3441 hircus
1342 3383 1601 3458 aequora!

393 3456 557 3531 Haec,
585 3471 645 3517 et
670 3478 797 3535 quae
823 3472 1088 3551 poterunt
1113 3462 1331 3518 reditus
1360 3458 1701 3516 abscindere
1725 3453 1945 3528 dulces,
2125 3453 2206 3515 83

467 3537 683 3596 Eamus
705 3540 894 3597 omis
913 3550 1215 3597 exsecrata
1239 3537 1459 3607 civitas,

391 3615 512 3674 Aut
536 3635 667 3693 pars
692 3615 930 3677 indocili
955 3616 1155 3674 melior
1181 3633 1388 3691 grege:
1430 3611 1617 3672 nullis
1638 3623 1713 3671 et
1724 3628 1930 3688 exspes

468 3694 796 3754 lnominata
822 3697 1130 3787 perprimat
1153 3693 1386 3752 cubilia.

390 3771 527 3846 Vos,
555 3775 766 3849 quibus
787 3787 877 3833 est
901 3776 1097 3847 virtus,
1125 3772 1463 3832 muliebrem
1484 3770 1665 3831 tollite
1688 3770 1929 3844 Mum,

468 3821 720 3913 lium
733 3865 946 3989 pugn
965 3865 1033 3913 ot
1056 3820 1239 3913 11⁹0&oe
1263 3853 1469 3912 mon
2127 3846 2207 3902 4⁰
