2621 4297
349 302 466 365 m
1005 299 1070 358 o.
1102 298 1400 351 nonu-n
1431 298 1681 350 rmocr

1101 520 1420 583 SATIRA
1462 520 1567 579 VI.

1058 659 1140 698 AD
1181 659 1598 698 MAECENATEM.

423 758 590 832 Nou,
616 758 770 835 quia,
798 756 1110 830 Maecenas,
1139 757 1430 833 Lydorum
1457 757 1734 832 quidquid
1762 756 2036 817 Etruscos

424 838 677 898 Incoluit
704 838 868 909 fines,
895 857 1068 896 nemo
1095 838 1423 913 generosior
1450 847 1537 892 est
1563 847 1652 905 te3

424 917 559 976 Nec
587 915 742 993 quod
771 934 909 974 avus
934 917 1037 973 tibi
1067 927 1363 972 maternus
1390 916 1498 973 suit
1525 926 1693 990 atque
1719 925 1993 991 paternus

424 996 583 1055 Olim
612 998 708 1072 qui
738 996 962 1071 magnis
988 995 1312 1071 legionibus
1342 996 1767 1071 imperitarent3
1864 1012 1871 1019 ·

425 1075 504 1134 Ut
528 1076 785 1151 plerique
813 1075 1014 1146 solent,
1043 1094 1183 1131 naso
1210 1073 1511 1150 suspendis
1539 1075 1767 1132 adunco
2288 1074 2328 1132 5

427 1153 684 1231 IgnowS,
713 1166 776 1211 ut
803 1173 894 1210 me
922 1154 1187 1211 libertino
1213 1165 1374 1229 patre
1402 1164 1601 1210 natum
1626 1173 1639 1209 :

423 1235 630 1296 Quum
660 1234 868 1292 referre
897 1253 1094 1309 negas,
1121 1233 1275 1308 quali
1301 1234 1376 1290 sit
1401 1233 1636 1307 quisque
1665 1241 1898 1307 parente

426 1312 636 1385 Natus,
664 1316 800 1369 dum
830 1312 1131 1388 ingenuus.
1216 1312 1533 1369 Persuades
1562 1313 1670 1368 hoc
1698 1311 1800 1367 tibi
1829 1308 1980 1383 vere,

427 1393 586 1450 Ante
611 1403 947 1467 potestatem
975 1388 1138 1447 Tulli
1166 1401 1335 1465 atque
1363 1389 1612 1464 ignobile
1639 1409 1902 1464 regnum,

427 1469 644 1528 Multos
671 1489 822 1544 saepe
852 1470 997 1526 viros
1026 1467 1198 1526 nullis
1225 1468 1531 1543 majoribus
1557 1478 1709 1524 ortos
2253 1470 2325 1534 10

426 1548 505 1606 Et
530 1549 735 1605 vixisse
761 1548 985 1622 probOS,
1016 1548 1218 1621 amplis
1244 1556 1303 1603 et
1331 1546 1641 1603 honoribus
1669 1557 1901 1604 auctos:

424 1625 662 1697 Contra,
690 1625 1007 1697 Laevinum‚
1036 1625 1231 1683 Valeri
1258 1644 1462 1700 genuS,
1491 1626 1645 1682 unde
1675 1626 1970 1701 Superbus

425 1705 777 1780 Tarquinius
803 1724 982 1780 regno
1009 1705 1205 1780 pulsus
1234 1704 1361 1775 suit,
1389 1704 1560 1761 unius
1587 1705 1729 1761 assis

335 1812 342 1819 ·
424 1783 561 1842 Non
590 1803 839 1860 unquam
868 1785 1049 1859 pretio
1076 1784 1253 1860 pluris
1279 1783 1530 1855 licuisse,
1559 1795 1793 1841 notante

425 1862 656 1936 Judice,
684 1883 852 1938 quem
881 1862 1054 1934 nosti,
1081 1864 1309 1940 populo,
1337 1863 1436 1938 qui
1461 1863 1667 1920 stultus
1696 1864 1942 1922 honores
2255 1865 2324 1924 15

427 1940 595 2020 Saepe
624 1945 723 2000 dat
750 1944 1003 2019 indignis
1028 1954 1087 2000 et
1115 1944 1279 2000 famae
1307 1943 1478 2000 serv‘it
1504 1943 1763 2019 ineptus3

423 2023 550 2085 Qui
578 2034 767 2098 stupet
793 2024 852 2080 in
880 2024 1059 2080 titulis
1085 2033 1146 2080 et
1170 2022 1532 2097 imaginibus.
1613 2021 1779 2083 Quid
1830 2032 2048 2099 oportet

426 2101 554 2161 Nos
581 2102 788 2173 facere,
818 2123 852 2161 a
879 2103 1052 2180 vulgo
1078 2100 1249 2179 longe
1277 2101 1505 2176 lateque
1533 2103 1817 2160 remotos?

426 2181 487 2240 N
490 2202 695 2258 amque
721 2195 863 2255 esto,
891 2182 1132 2258 populus
1159 2182 1392 2239 Laevino
1419 2181 1614 2239 mallet
1640 2177 1914 2240 honorem

423 2259 624 2323 Quam
652 2260 836 2318 Decio
864 2262 1134 2318 mandare
1160 2279 1341 2329 novo3
1384 2279 1697 2335 censorque
1724 2272 1974 2320 moveret
2247 2262 2326 2322 2⁰

426 2339 670 2415 Appius,
699 2340 951 2413 ingenuo
978 2339 1025 2395 si
1053 2358 1173 2396 non
1197 2358 1383 2395 essem
1410 2350 1568 2415 patre
1596 2350 1797 2398 natus:
1872 2371 1879 2380 ·

345 2465 358 2473 .
427 2417 536 2474 Vel
564 2415 789 2489 merito,
815 2418 1083 2492 quoniam
1114 2419 1173 2475 in
1200 2418 1428 2494 propria.
1456 2438 1574 2477 non
1601 2419 1749 2496 pelle
1776 2418 2084 2495 quiessem.

426 2496 545 2554 Sed
574 2496 1023 2572 fulgente-trahit
1049 2498 1385 2556 constrictos
1411 2499 1607 2556 Gloria
1634 2517 1804 2560 curru

426 2574 565 2633 Non
592 2575 785 2635 minus
813 2577 1036 2653 ignotos
1062 2579 1371 2654 generosis,
1452 2575 1594 2639 Quo
1622 2579 1745 2650 tibi,
1775 2577 1954 2652 Tulli,

427 2655 669 2714 Sumere
698 2657 1015 2731 depositum
1045 2658 1288 2728 clavum,
1319 2657 1552 2733 fierique
1579 2658 1846 2715 tribuno?
2242 2659 2321 2718 25

337 2738 343 2744 ’
426 2733 652 2792 Invidia
680 2737 947 2808 accrevit,
976 2737 1192 2812 privato
1217 2755 1346 2812 quae
1373 2737 1556 2795 minor
1583 2746 1768 2807 esset3

426 2811 605 2885 Nam,
635 2826 696 2872 ut
720 2815 958 2890 quisque
987 2817 1223 2873 insanus
1250 2816 1430 2891 nigris
1459 2816 1709 2873 medium
1740 2815 2001 2892 impediit
2026 2835 2161 2876 crus

425 2891 701 2964 Pellibus,
729 2905 786 2950 et
812 2894 988 2950 latum
1018 2895 1246 2951 demisit
1269 2905 1499 2968 pectore
1527 2894 1770 2967 clavum,
2130 2943 2135 2960 .

426 2971 610 3028 Audit
629 2971 926 3043 continuo,
951 2978 985 3003 “
1004 2973 1158 3034 Quis
1181 2973 1351 3029 homo
1373 2972 1467 3029 bic
1483 2974 1543 3029 'l’'
1577 2984 1653 3046 et,
1679 2981 1714 3005 “
1732 2974 1874 3036 Quo
1893 2986 2055 3053 patre
2075 2986 2245 3035 natus
2259 2976 2319 3033 ‘P'

425 3048 523 3121 Ut,
551 3050 600 3106 si
626 3051 722 3124 qui
751 3061 987 3125 aegrotet
1011 3071 1124 3125 quo
1151 3052 1347 3109 morbo
1375 3050 1605 3125 Barrus,
1634 3055 1832 3113 haberi
2247 3055 2324 3114 30

425 3128 504 3187 Ut
530 3129 721 3204 cupiat
750 3129 1047 3202 formosus,
1076 3142 1168 3188 eat
1193 3131 1553 3207 quacunque,
1582 3134 1786 3208 puellis

426 3207 659 3285 Injiciat
685 3228 880 3267 curam
909 3211 1201 3283 quaerendi
1229 3210 1473 3286 singula,
1500 3213 1654 3288 quali

428 3289 518 3347 Sit
545 3289 711 3362 facie,
739 3289 871 3368 sura
892 3289 1064 3364 quali,
1092 3292 1259 3366 pede,
1288 3291 1480 3363 dente,
1508 3291 1711 3368 capillo
1735 3312 1748 3349 :

429 3369 531 3427 Sic
556 3369 651 3444 qui
679 3369 970 3445 promittit,
999 3370 1172 3441 cives,
1203 3369 1416 3426 Urbem
1444 3372 1551 3429 sibi
1578 3390 1751 3444 curae,

427 3445 741 3523 Imperium
765 3449 901 3520 fore,
928 3461 986 3506 et
1015 3448 1259 3520 Italiam,
1287 3460 1347 3506 et
1373 3450 1608 3508 delubra
1635 3451 1870 3508 deorum
1892 3471 1909 3521 ;
2248 3451 2326 3511 35

425 3526 567 3588 Quo
591 3541 749 3604 patre
777 3529 850 3585 sit
877 3540 1066 3602 natus,
1093 3549 1230 3587 num
1259 3529 1455 3604 ignota
1482 3541 1658 3588 matre
1687 3531 2041 3604 inhonestus,

427 3604 652 3663 Omnes
678 3607 943 3663 mortales
971 3623 1170 3671 curare
1197 3619 1256 3664 et
1281 3626 1534 3682 quaerere
1561 3609 1815 3684 cogit.—

427 3679 605 3738 Tune
634 3684 783 3757 Syri,
812 3683 1032 3753 Damoe,
1061 3696 1160 3741 aut
1185 3685 1429 3761 Dionysi
1458 3687 1625 3757 filius,
1654 3688 1833 3744 audes

429 3754 696 3830 Dejicere
721 3779 755 3815 e
781 3779 917 3816 saxo
944 3761 1115 3831 cives,
1138 3773 1238 3817 aut
1261 3765 1483 3820 tradere
1511 3764 1734 3821 Cadmo
1750 3767 1854 3821 2-—

327 3871 332 3878 -
433 3831 514 3892 At
537 3832 762 3895 Novius
788 3837 1022 3915 collega·
1030 3839 1214 3916 gradu
1238 3852 1369 3916 post
1392 3860 1487 3902 me
1511 3841 1675 3901 sedet
1701 3861 1851 3904 uno:
2158 3831 2165 3842 ⁸
2231 3845 2332 3906 ’40
