2621 4297
1001 334 1067 393 Q.
1101 334 1394 384 HORATH
1427 333 1677 383 FLAccr

1164 554 1336 613 ODE
1363 555 1502 613 VII.

1126 692 1206 731 AD
1234 693 1533 733 mcINIUM.

656 790 936 851 ch'rms
964 792 1134 864 viveS,
1164 792 1375 864 Licini,
1403 810 1589 867 neque
1618 791 1794 849 altum

656 871 896 948 Semper
924 871 1200 946 urgend0,
1229 884 1436 969 neque,
1465 873 1601 928 dum
1629 871 1906 947 procellas

655 950 878 1008 Cautus
905 951 1200 1021 horresciS,
1229 949 1471 1007 nimium
1499 951 1811 1025 premendo

1051 1028 1240 1086 Littus
1281 1029 1557 1103 iniquum.

655 1106 914 1164 Auream
941 1107 1193 1181 quisquis
1221 1108 1672 1165 mediocritatem

656 1184 880 1261 Diligit,
908 1197 1064 1243 tutus
1091 1197 1246 1242 caret
1272 1186 1510 1243 obsoleti

657 1265 935 1323 Sordibus
961 1264 1119 1337 tecti,
1147 1275 1304 1321 caret
1331 1264 1639 1322 invidenda

1055 1343 1292 1399 Sobrius
1321 1343 1469 1399 aula.

658 1420 880 1480 Saevius
907 1421 1089 1477 ventis
1117 1422 1360 1495 agitatur
1388 1421 1594 1495 ingens

657 1500 865 1559 Pinus:
908 1511 967 1557 et
993 1499 1161 1555 celsae
1189 1499 1444 1574 graviore
1473 1516 1612 1556 casu

656 1578 952 1637 Decidunt
978 1587 1188 1635 turres:
1232 1578 1551 1652 feriuntque
1578 1596 1830 1637 summos

1054 1656 1308 1732 Fulgura
1336 1668 1572 1714 montes,

657 1736 864 1812 Sperat
889 1736 1125 1808 infestis,
1155 1736 1356 1805 metuit
1383 1736 1670 1808 secundia,

656 1815 916 1873 Alteram
944 1826 1153 1874 sortem
1181 1815 1329 1872 bene
1356 1826 1733 1891 praeparatum

657 1894 884 1953 Pectus,
954 1894 1234 1952 Informes
1263 1894 1481 1951 hiemes
1508 1893 1733 1952 reducit

1053 1973 1296 2049 Jupiter,
1328 1974 1482 2030 idem

658 2053 984 2111 Submovet.
1054 2051 1114 2108 N
1117 2073 1213 2125 on,
1243 2054 1290 2110 si
1319 2050 1469 2110 male
1498 2071 1675 2125 nunc,
1704 2061 1763 2108 et
1786 2051 1921 2109 olim

658 2133 759 2192 Sic
786 2133 924 2191 erit:
966 2133 1251 2207 quondam
1280 2131 1501 2189 cithara
1528 2136 1814 2189 tacentem

658 2212 910 2270 Suscitat
938 2211 1187 2281 Musam,
1216 2229 1404 2284 neque
1432 2228 1653 2285 semper
1682 2228 1879 2268 arcum

1052 2287 1290 2359 Tendit,
1322 2287 1546 2363 Apollo,

657 2367 861 2426 Rebus
889 2367 1145 2443 angustis
1173 2367 1463 2424 animosus
1490 2377 1660 2442 atque

657 2445 845 2504 Fortis
873 2465 1112 2522 appare:
1155 2446 1438 2521 sapienter
1466 2447 1620 2503 idem

656 2524 977 2585 Contrahes
1003 2537 1172 2583 vento
1198 2522 1442 2583 nimium
1470 2525 1724 2583 secundo

1053 2602 1318 2681 Turgida
1346 2605 1486 2662 vela.

1148 2917 1318 2975 ODE
1357 2917 1530 2975 VIII.

1094 3053 1175 3092 AD
1204 3054 1567 3097 QUINCTIUM.

658 3155 830 3217 Qum
856 3153 1159 3211 bellicosus
1187 3152 1496 3226 Cantaber,
1525 3164 1582 3210 et
1610 3155 1871 3230 Scythen,

661 3233 907 3309 Hirpine
935 3233 1201 3305 Quincti,
1231 3233 1462 3323 cogitet,
1491 3233 1718 3291 Hadria·

740 3312 974 3371 Divisus
999 3312 1241 3388 object0,
1268 3313 1524 3369 remittas

644 3383 659 3400 Χ
817 3391 1136 3454 Quaerere·
1125 3437 1137 3449 .
1178 3410 1289 3448 nec
1316 3390 1606 3466 trepides'
1591 3409 1652 3447 m
1679 3408 1848 3449 usum

664 3471 959 3530 Poscentis
988 3471 1090 3528 aevi
1118 3489 1319 3546 pauca.
1388 3470 1563 3546 Fugit
1589 3480 1739 3528 retro

660 3549 832 3608 Levis
859 3550 895 3607 J
897 3561 1152 3622 mantas,
1180 3561 1237 3607 et
1264 3549 1474 3622 Decor,
1503 3549 1663 3608 arida

678 3671 695 3676 -
741 3627 997 3686 Pellente
1025 3628 1263 3685 lascivos
1290 3630 1537 3686 Amores

822 3704 1071 3775 Canitie,
1101 3705 1438 3780 facilemque
1469 3707 1764 3774 Somnum.

663 3781 725 3840 N
727 3802 802 3841 on
830 3802 1051 3859 semper
1079 3784 1231 3839 idem
1258 3784 1490 3842 floribus
1509 3794 1598 3841 est
1624 3784 1803 3842 honor

664 3861 875 3920 Vernis
897 3882 912 3932 3
953 3879 1139 3936 neque
1166 3880 1284 3919 uno
1312 3863 1479 3920 Luna
1504 3862 1715 3921 rubens
1742 3863 1888 3922 nitet

2161 1477 2324 1560 ‘1⁰

2187 1895 2325 1986 '15
