2621 4297
331 318 403 380 m
474 335 489 345 ·

970 317 1040 375 Q.
1072 315 1366 367 HORATII
1400 316 1649 366 mccl

1134 537 1307 596 ODE
1344 537 1492 596 XII.

1029 672 1113 712 An
1152 674 1607 715 REMPUBLICAM.

635 773 695 834 Ο
722 791 921 847 luvrs,
946 773 1198 832 referent
1224 773 1285 831 in
1309 792 1472 830 mare
1499 783 1555 831 te
1583 775 1715 831 novi

637 852 908 912 Fluctus!
950 851 1008 909 Ο
1035 852 1170 928 quid
1198 853 1362 929 agis?
1401 851 1646 910 Fortiter
1673 869 1896 929 occupa

1032 931 1282 989 Portum.
1368 929 1581 989 Nonne
1608 931 1766 990 vides
1791 940 1857 990 ut

956 1008 1195 1067 Nudum
1223 1011 1465 1086 remigio
1490 1009 1657 1082 latuS,
1752 1072 1756 1076 ,

637 1088 716 1149 Ει
738 1089 925 1147 maius
951 1090 1124 1148 celeri
1152 1089 1381 1146 saueius
1409 1089 1636 1160 AfrieO,

642 1169 1041 1243 Antennaeque
1068 1179 1318 1243 gemant,
1342 1187 1411 1225 ae
1438 1168 1561 1225 sine
1591 1166 1820 1224 funibus

1033 1246 1148 1320 Vix
1174 1247 1381 1304 durare
1409 1247 1619 1303 earinae

954 1325 1182 1381 Possint
1210 1326 1568 1400 imperiosius

639 1404 899 1499 AEquor?
938 1401 1075 1459 Non
1104 1403 1203 1459 tibi
1231 1414 1366 1459 sunt
1393 1404 1616 1478 integra
1640 1402 1835 1475 lintea,

641 1483 779 1542 Non
806 1481 867 1540 di
894 1500 1037 1558 quos
1063 1482 1269 1539 iterum
1295 1501 1491 1557 pressa
1517 1500 1684 1538 voees
1711 1448 1892 1539 maso:

1033 1560 1318 1621 Quamvis
1346 1560 1587 1618 Pontica
1611 1560 1802 1636 pinus,

958 1639 1128 1696 Silvae
1156 1639 1272 1696 filia
1299 1640 1523 1711 nobilis,
1579 1673 1584 1678 -

641 1718 838 1778 Jaetes
862 1728 922 1776 et
947 1737 1130 1794 genus
1156 1728 1215 1775 et
1240 1737 1451 1776 nomen
1479 1718 1695 1776 inutile.

640 1796 745 1858 Nil
770 1798 939 1877 pictis
964 1798 1198 1855 timidus
1224 1799 1416 1855 navita
1440 1798 1725 1888 puppibus

1036 1875 1207 1934 Fidit.
1290 1876 1409 1948 Tu,
1436 1877 1549 1934 nisi
1575 1876 1759 1934 ventis

957 1953 1153 2012 Debes
1177 1954 1505 2027 ludibrium,
1534 1974 1689 2013 eave.

638 2031 842 2112 Nuper
867 2033 1172 2092 sollicitum
1199 2053 1326 2109 quae
1354 2034 1495 2092 mibi
1521 2034 1776 2106 taedium,

640 2111 819 2175 Nune
844 2113 1209 2185 desiderium,
1237 2131 1487 2203 curaque
1515 2131 1632 2170 non
1658 2111 1817 2186 levis,

886 2242 893 2249 ,
1038 2190 1325 2247 Interfusa
1350 2191 1598 2248 nitentes

956 2269 1122 2329 Vites
1148 2287 1374 2345 aequora
1401 2267 1702 2349 Cycladas.

1113 2583 1284 2644 ODE
1332 2583 1511 2644 XIII.

708 2722 900 2764 unum
924 2723 1288 2763 VA'ncINIUM
1314 2722 1396 2761 DE
1424 2722 1673 2767 nxcmlo
1699 2721 1920 2763 TROJAE.

638 2821 883 2881 Pmon
908 2842 1082 2898 quum
1109 2822 1359 2881 traheret
1382 2840 1484 2897 per
1511 2822 1654 2879 fieta
1681 2822 1922 2880 navibus

639 2899 814 2960 Idaeis
841 2901 1106 2959 Helenen
1134 2900 1385 2977 perfidus
1410 2900 1712 2976 hospitam,

639 2978 875 3057 Ingrato
894 2980 1112 3037 celeres
1135 2978 1325 3036 obruit
1348 2978 1465 3035 otio

955 3058 1193 3128 Ven‘tOS,
1221 3067 1286 3114 ut
1312 3067 1545 3115 caneret
1570 3056 1687 3115 fera

638 3134 866 3194 Nereus
892 3136 1038 3194 fata:
1081 3135 1301 3193 “Mala
1330 3136 1493 3194 ducis
1521 3137 1609 3194 avi
1634 3137 1889 3210 domum,

636 3214 836 3278 Qua-
866 3216 1044 3273 multo
1082 3224 1301 3291 repetet
1325 3215 1550 3273 Graeeia
1577 3216 1776 3288 milite,

636 3293 949 3370 Conjurata
974 3304 1102 3351 tuas
1127 3304 1389 3369 rumpere
1416 3295 1661 3370 nuptias,

954 3372 1031 3430 Et
1057 3391 1296 3464 regnum
1325 3372 1538 3430 Priami
1567 3383 1742 3431 vetus.

635 3440 838 3511 Eheu!
877 3464 1124 3529 quantus
1149 3452 1330 3527 equis,
1357 3463 1604 3527 quantus
1631 3454 1793 3510 adest
1817 3452 1953 3512 viris

639 3530 859 3588 Sudor!
899 3544 1111 3607 quanta
1137 3550 1332 3589 moves
1361 3531 1561 3588 funera
1586 3532 1872 3590 Dardanae

637 3607 844 3666 Genti!
926 3609 1055 3666 Jam
1085 3612 1305 3685 galeam
1335 3610 1542 3682 Panas,
1570 3622 1629 3667 et
1655 3611 1860 3685 regida,

957 3686 1303 3762 Cur-rusque,
1332 3699 1392 3744 et
1417 3656 1652 3758 rabiem,
1680 3698 1857 3762 parat.

639 3761 1063 3840 Nequidquam,
1092 3765 1338 3844 Veneris
1362 3766 1625 3841 praesidio
1652 3766 1826 3840 fe,rox

640 3843 844 3903 Peotes
868 3842 1182 3917 oaesariem,
1207 3855 1479 3921 grataque
1505 3844 1753 3904 soeminis

2234 1479 2309 1540 10

2234 1875 2309 1934 15

2233 3531 2304 3592 10
