2621 4297
955 300 1371 356 summm
1403 304 1536 356 m
1573 308 1615 357 1.
1649 309 1698 358 5.
2200 314 2319 377 1-
2427 374 2431 381 ,

398 450 669 507 Setosam
698 447 827 506 laevi
855 448 1099 507 frontem
1126 461 1448 526 turpaverat
1471 451 1619 510 oris.-

398 528 775 604 Campanum
803 529 861 584 in
890 530 1168 600 morbum,
1200 530 1259 586 in
1289 529 1494 586 faciem
1520 531 1802 606 permulta
1821 531 2077 608 jocatus,

399 608 698 665 Pastorem
729 607 958 666 saltaret
985 605 1067 664 uti
1097 608 1352 684 Cyclopa
1376 611 1644 685 rogabat:

400 685 510 743 Nil
539 686 621 742 illi
649 685 806 743 larva
834 697 934 743 aut
959 687 1191 763 tragicis
1217 706 1363 762 opus
1390 708 1516 745 esse
1544 688 1854 746 cothurnis.

407 763 597 822 Multa
623 765 886 821 Cicirrus
912 767 985 822 ad
1012 767 1170 822 haec:
1212 767 1487 824 donasset
1509 767 1704 843 jamne
1731 777 1996 827 catenum
2231 770 2311 830 66

408 844 503 901 Ex
528 855 657 902 voto
684 843 948 915 Laribus,
976 846 1265 919 quaerebat
1288 865 1301 902 ε
1345 847 1535 904 scriba
1559 844 1715 922 quod
1743 857 1914 922 esset,

406 923 679 981 Deterius
704 923 886 980 nihilo
910 923 1157 980 dominas
1180 924 1275 999 jus
1300 942 1442 982 esse.
1527 925 1797 1001 Rogabat

406 1001 677 1078 Denique
704 1021 807 1059 cur
834 1021 1083 1076 unquam
1113 1003 1368 1079 fugisset,
1398 1005 1495 1062 cui
1521 1002 1660 1061 satis
1686 1022 1806 1063 una

408 1081 603 1138 Farris
630 1081 774 1138 libra
802 1081 962 1153 foret,
990 1082 1191 1157 gracili
1219 1083 1304 1139 sic
1332 1094 1560 1158 tamque
1587 1084 1811 1160 pusillo.

410 1159 651 1217 Prorsus
671 1158 929 1236 jucunde
958 1179 1185 1218 coenam
1213 1162 1583 1238 produximus
1609 1162 1781 1220 illam.
2231 1165 2309 1224 70

486 1238 815 1296 Tendimus
842 1239 979 1296 hinc
1006 1241 1165 1297 recta
1195 1239 1610 1312 Beneventum,
1639 1241 1737 1297 ubi
1765 1241 1998 1300 sedulus
2023 1242 2230 1320 hospes

407 1316 568 1376 Pene
598 1318 753 1390 arsit,
781 1337 1003 1376 macros
1031 1320 1169 1376 dum
1198 1321 1395 1377 turdos
1424 1331 1608 1377 versat
1634 1321 1694 1377 in
1724 1319 1859 1396 igne
1883 1339 1897 1377 :

408 1396 563 1455 Nam
597 1416 744 1474 vaga
769 1417 870 1473 per
897 1409 1146 1455 veterem
1175 1398 1395 1475 dilapso
1422 1398 1649 1458 flamma
1676 1400 1951 1458 culinam'

405 1477 674 1535 Vulcano
701 1496 985 1534 summum
1012 1479 1353 1553 properabat
1379 1478 1629 1536 lambere
1656 1490 1892 1539 tectum.

406 1556 694 1614 Convivas
722 1556 915 1613 avidos
941 1574 1167 1613 coenam
1197 1576 1501 1633 servosque
1528 1558 1795 1616 timentes
2228 1559 2306 1619 75

406 1634 567 1693 Tum
596 1654 815 1710 rapere,
843 1646 1012 1710 atque
1037 1655 1236 1693 omnes
1263 1638 1617 1713 restinguere
1644 1638 1790 1696 velle
1815 1637 2052 1697 videres.

485 1713 703 1790 Incipit
726 1734 800 1771 ex
826 1715 922 1772 illo
948 1726 1169 1772 montes
1190 1716 1404 1792 Apulia
1431 1726 1595 1774 notos

404 1792 714 1851 Ostentare
742 1794 903 1863 mihi,
930 1811 1071 1868 quos
1097 1806 1274 1852 torret
1303 1795 1608 1868 Atabulus,
1636 1805 1695 1852 et
1719 1813 1861 1870 quos

405 1871 718 1949 Nunquam
746 1888 1095 1948 erepsemus,
1123 1874 1235 1931 nisi
1265 1893 1372 1932 nos
1398 1875 1587 1931 vicina
1611 1874 1833 1933 Trivici

406 1952 557 2010 Villa
585 1952 912 2028 recepisset,
942 1952 1258 2026 lacrymoso
1285 1972 1402 2011 non
1431 1954 1555 2010 sine
1579 1954 1754 2026 fumo,
2225 1951 2307 2013 Β)

405 2030 565 2089 Udos
589 2046 723 2089 cum
752 2030 902 2089 foliis
927 2049 1116 2087 ramos
1142 2042 1346 2088 urente
1373 2032 1618 2089 camino,

483 2110 749 2173 Quatuor
777 2110 915 2168 hinc
942 2110 1193 2187 rapimur
1219 2110 1420 2187 viginti
1447 2120 1506 2169 et
1534 2110 1711 2169 millia
1735 2110 1948 2185 rhedis,

407 2189 669 2249 Mansuri
693 2190 964 2267 oppidulo
989 2191 1140 2265 quod
1168 2209 1335 2247 versu
1363 2191 1555 2248 dicere
1582 2209 1699 2252 non
1726 2201 1833 2264 est,

407 2270 604 2347 Signis
630 2269 899 2346 perfacile
926 2280 1045 2327 est:
1087 2271 1241 2327 venit
1268 2271 1539 2327 vilissima
1564 2287 1756 2329 rerum

406 2348 527 2407 Hic
554 2368 733 2425 aqua3
777 2350 877 2406 sed
906 2349 1069 2425 panis
1094 2347 1268 2425 longe
1297 2349 1733 2426 pulcherrimus,
1763 2347 1911 2409 ultra
2174 2373 2189 2380 ⁶
2225 2346 2306 2408 85

404 2428 668 2486 Callidus
694 2439 759 2485 ut
784 2428 963 2486 soleat
991 2428 1243 2485 humeris
1267 2439 1492 2504 portare
1519 2429 1696 2487 viator
1720 2449 1733 2486 ε
1897 2484 1911 2494 ,

403 2507 560 2567 Nam
588 2506 808 2565 Canusi
835 2508 1145 2583 lapidosus,
1173 2525 1335 2582 aquae
1363 2526 1481 2564 non
1508 2507 1675 2565 ditior
1701 2525 1847 2565 urna
1862 2527 1877 2577 3

402 2587 530 2649 Qui
558 2587 720 2644 locus
747 2605 781 2643 a
809 2586 936 2644 forti
963 2587 1246 2644 Diomede
1271 2597 1361 2644 est
1386 2587 1653 2644 conditus
1677 2586 1831 2644 olim.

407 2665 709 2724 Flentibus
737 2664 833 2722 hic
861 2666 1070 2723 Varius
1098 2666 1345 2723 discedit
1372 2676 1608 2722 moestus
1634 2665 1852 2722 amicis.

484 2743 635 2803 Inde
665 2745 871 2802 Rubos
897 2745 1030 2802 fessi
1055 2745 1437 2820 pervenimus,
1466 2754 1658 2820 utpote
1685 2745 1919 2822 longum
2225 2739 2308 2802 90)

404 2823 725 2900 Carpentes
752 2825 876 2897 iter,
904 2834 962 2880 et
988 2824 1202 2882 factum
1230 2824 1551 2899 corruptius
1578 2824 1762 2882 imbri.

406 2901 642 2962 Postera
667 2914 972 2979 tempestas
1000 2905 1228 2972 melior;
1271 2904 1362 2962 via
1387 2903 1543 2979 pejor
1571 2904 1642 2960 ad
1673 2921 1853 2979 usque

406 2982 542 3040 Bari
572 2984 783 3044 moenia
808 2983 1033 3058 piscosi.
1117 2982 1348 3040 Dehinc
1374 2983 1607 3055 Gnatia,
1636 2982 1879 3060 lymphis

406 3061 576 3120 Iratis
602 3073 907 3133 exstructa,
936 3062 1095 3123 dedit
1120 3063 1379 3138 risusque
1402 3062 1674 3138 jocosque
1696 3082 1710 3132 ;

407 3140 585 3214 Dum,
614 3140 843 3199 flamma
871 3142 1016 3213 sine,
1044 3142 1211 3199 thura
1237 3142 1551 3216 liquescere
1578 3143 1777 3202 limine
1806 3160 1969 3201 sacro
2225 3138 2307 3198 95

405 3219 760 3279 Persuadere
788 3222 977 3297 cupit:
1020 3221 1215 3278 credat
1242 3219 1278 3277 J
1282 3221 1481 3278 udaeus
1508 3221 1735 3297 Apella,
2136 3245 2141 3254 “

405 3298 545 3358 Non
572 3319 714 3376 eg03
758 3318 1002 3375 namque
1031 3300 1170 3357 deos
1197 3299 1377 3357 didici
1404 3319 1672 3358 securum
1699 3318 1870 3377 agere
1898 3312 2121 3365 aevum3

405 3377 550 3452 Nec,
587 3380 636 3436 si
663 3379 799 3453 quid
827 3380 953 3436 miri
983 3380 1154 3436 faciat
1179 3390 1404 3449 natura,
1433 3380 1571 3436 deos
1599 3380 1660 3435 id

404 3457 633 3516 Tristes
659 3477 731 3514 ex
759 3457 872 3516 alto
898 3458 1029 3515 coeli
1057 3459 1357 3515 demittere
1384 3467 1555 3514 tecto.

406 3536 800 3596 Brundusium
827 3537 1013 3615 longae
1039 3537 1172 3594 finis
1197 3537 1523 3610 chartasque
1549 3532 1793 3607 vimque.
2199 3531 2309 3591 lm
