2621 4297
965 309 1369 359 CARMINUM
1405 308 1536 360 LIB.
1570 306 1643 358 11.

711 451 930 528 Pugnae
959 452 1265 510 ferebaris:
1308 455 1410 511 sed
1438 454 1592 511 idem
1679 457 1695 464 ”

789 531 957 589 Pacis
982 550 1109 589 eras
1135 534 1468 606 mediusque
1495 531 1647 590 belli.

631 608 725 668 Te
752 610 892 667 vidit
919 610 1114 668 insons
1141 610 1428 668 Cerberus
1457 629 1630 667 aureo

630 689 827 749 Cornu
855 691 1145 759 decorum,
1174 689 1379 746 leniter
1406 699 1654 746 atterens

707 768 1001 836 Caudam3
1042 778 1102 825 et
1127 769 1449 825 recedentis
1477 765 1733 843 trilingui

785 845 906 905 Ore
931 846 1108 923 pedes
1135 847 1430 923 tetigitque
1457 866 1640 904 crura.

1000 1122 1005 1127 ⁴
1103 1157 1274 1216 onE
1301 1157 1508 1218 xvn.

1037 1295 1119 1335 AD
1146 1294 1565 1337 MAECENATEM.

629 1396 691 1456 N
695 1415 778 1454 on
804 1394 1032 1467 usitatfi,
1065 1414 1181 1452 non
1209 1395 1371 1451 tenui
1401 1394 1547 1452 ferar

629 1476 833 1536 Penna
862 1474 1115 1532 biformis
1141 1492 1242 1548 per
1268 1473 1549 1547 liquidum
1577 1474 1789 1533 aethera

708 1555 913 1612 Vates:
958 1571 1144 1627 neque
1173 1552 1231 1608 in
1259 1551 1423 1608 terris
1450 1553 1711 1611 morabor

787 1628 1079 1707 Longius:
1122 1630 1447 1705 invidiaque
1475 1631 1652 1707 major

629 1710 815 1771 Urbes
842 1711 1173 1785 relinquam.
1241 1708 1378 1766 Non
1407 1729 1534 1786 ego,
1563 1729 1876 1786 pauperum

633 1790 883 1866 Sanguis
909 1789 1231 1865 parentum,
1259 1807 1377 1846 non
1403 1808 1533 1865 ego,
1559 1809 1731 1865 quem
1757 1809 1928 1848 vocas

709 1869 955 1941 Dilecte,
984 1867 1298 1939 Maecenas,
1326 1867 1516 1941 obibo,

805 1948 937 2006 Nec
965 1948 1167 2023 Stygia
1192 1947 1502 2005 cohibebor
1530 1947 1707 2008 unda.
1763 1983 1770 1989 ·

631 2026 670 2086 J
673 2046 765 2086 am
787 2027 906 2103 jam
932 2028 1192 2084 residunt
1217 2027 1479 2084 cruribus
1506 2044 1722 2102 asperae

631 2106 851 2167 Pelles:
893 2118 954 2166 et
979 2107 1170 2164 album
1200 2117 1389 2164 mutor
1416 2106 1475 2164 in
1504 2107 1698 2164 alitem

713 2188 1009 2261 Superna:
1037 2194 1463 2257 nascunturque
1489 2185 1643 2241 leves

791 2263 903 2320 Per
929 2263 1137 2336 digitos
1165 2262 1541 2336 humerosque
1567 2262 1793 2338 plumae.

630 2340 767 2400 Jam
790 2340 1066 2397 Daedaleo
1091 2340 1245 2397 ocior
1273 2337 1441 2398 Icaro
1549 2364 1570 2401 ’.

630 2420 830 2478 Visam
858 2419 1140 2494 gementis
1166 2418 1354 2476 littora
1380 2418 1638 2495 Bospori,

710 2498 1017 2573 Syrtesque
1044 2497 1317 2569 Gaetulas,
1344 2516 1589 2556 canorus

790 2578 950 2649 Ales»,
980 2577 1490 2652 Hyperboreosque
1519 2596 1767 2653 campos.

631 2655 733 2714 Me
760 2657 1034 2727 Colchus,
1062 2666 1121 2713 et
1145 2656 1242 2729 qui
1270 2655 1589 2714 dissimulat
1616 2668 1833 2717 metum

633 2734 840 2793 Marsae
867 2735 1114 2792 cohortis
1141 2734 1358 2807 DacuS,
1385 2746 1445 2793 et
1469 2735 1654 2794 ultimi

709 2814 972 2872 Noscent
996 2814 1234 2871 Geloni:
1278 2833 1371 2870 me
1392 2815 1609 2888 peritus

803 2894 1005 2950 Discet
1032 2892 1184 2963 Iber,
1213 2892 1597 2965 Rhodanique
1624 2901 1802 2966 potor.

631 2971 844 3031 Absint
871 2971 1029 3027 inani
1057 2970 1257 3026 funere
1279 2970 1504 3041 naeniae,

632 3049 963 3123 Luctusque
991 3059 1204 3123 turpes,
1232 3058 1290 3105 et
1316 3048 1713 3122 querimoniae:

708 3129 1027 3202 Compesce
1054 3127 1381 3198 clamorem,
1404 3145 1474 3184 ac
1500 3126 1747 3203 sepulcri

790 3204 958 3264 Mitte
983 3224 1366 3281 supervacuos
1392 3207 1654 3266 honores.

2224 2106 2301 2168 10

2225 2502 2301 2561 15
