2621 4297
945 292 1347 344 CARMINUM
1381 291 1512 341 LIB.
1547 290 1648 341 111.

632 515 635 520 ι
699 438 833 497 Nec
859 439 1034 495 sumit
1063 448 1162 495 aut
1186 437 1350 513 ponit
1376 454 1608 493 secures

778 517 1031 575 Arbitrio
1057 517 1343 593 popularis
1371 533 1542 571 aurae.

617 598 837 668 Virtu8‚
865 597 1170 653 recludens
1197 595 1496 652 immeritis
1517 592 1662 650 mori

621 676 870 762 (Zoilum,
901 675 1110 750 negata
1137 684 1321 731 tentat
1348 675 1453 730 iter
1480 673 1573 728 via
1597 691 1611 728 ε

699 755 1012 829 Coetusque
1041 754 1301 829 vulgares
1327 763 1385 809 et
1407 753 1580 807 udam

778 834 1010 909 Spernit
1037 834 1272 889 humum
1303 832 1556 907 fugiente
1585 828 1795 906 penui.

617 912 725 971 Est
751 922 810 969 et
836 911 990 968 fideli
1021 922 1147 967 tuta
1177 911 1403 968 silentio

618 992 881 1050 Merces:
925 990 1144 1062 vetabo,
1173 990 1268 1065 qui
1297 988 1526 1045 Cereris
1554 1004 1784 1043 sacrum

595 1126 603 1138 ,
700 1070 964 1145 Vulgarit
991 1088 1236 1139 arcanae,
1266 1069 1373 1124 sub
1400 1066 1584 1124 isdem

678 1179 685 1184 ²
779 1150 868 1206 Sit
894 1149 1168 1219 trabibu8‚
1197 1147 1528 1221 fragilemve
1557 1161 1788 1200 mecum

619 1230 814 1304 Solvat
842 1228 1099 1284 faselum.
1170 1223 1339 1299 Saepe
1369 1223 1657 1297 Diespiter

624 1308 947 1383 Neglectus
975 1307 1198 1363 incesto
1220 1303 1443 1359 addidit
1471 1303 1788 1375 integrum:

700 1384 862 1444 Raro
892 1384 1328 1442 antecedentem
1352 1381 1661 1438 scelestum

780 1464 1046 1522 Deseruit
1070 1464 1217 1541 pede
1247 1461 1426 1519 Poena
1452 1460 1678 1517 claudo.

1136 1815 1305 1875 ODE
1346 1812 1459 1872 ΙΙΙ.

622 1941 869 2001 Juswum
897 1957 967 1996 ac
991 1949 1258 1996 tenacem
1297 1932 1569 2009 propositi
1595 1933 1780 1990 virum

624 2021 767 2080 Non
795 2019 1009 2075 civium
1037 2017 1200 2071 ardor
1228 2030 1400 2086 prava
1423 2012 1768 2085 jubentium,

704 2098 844 2158 Non
872 2096 1062 2153 vultus
1089 2090 1354 2150 instantis
1381 2088 1607 2164 tyranni

785 2177 987 2235 Mente
1015 2173 1196 2249 quatit
1222 2169 1425 2241 solida,
1455 2187 1641 2243 neque
1669 2169 1897 2239 Auster,

625 2260 764 2317 Dux
789 2255 1029 2331 inquieti
1050 2251 1312 2309 turbidus
1341 2248 1597 2320 Hadriae,

625 2338 686 2400 N
689 2332 1141 2395 ec·fulminantis
1167 2347 1377 2405 magna
1400 2327 1440 2384 J
1442 2328 1562 2385 ovis
1581 2344 1823 2385 manus:

708 2417 772 2475 Si
801 2416 1013 2472 fractus
1040 2411 1301 2467 illabatur
1328 2407 1500 2476 orbis,

786 2492 1147 2569 Impavidum
1175 2486 1383 2543 ferient
1408 2485 1605 2540 ruinae.

630 2575 765 2633 Hac
792 2585 910 2630 arte
939 2571 1159 2639 Pollux,
1188 2577 1246 2624 et
1272 2582 1452 2640 vagus
1481 2562 1785 2635 Hercules,

630 2655 864 2729 Enisus,
894 2669 1055 2708 arces
1083 2647 1269 2721 attigit
1296 2645 1530 2719 igneas:

709 2734 878 2795 Quos
900 2731 1048 2788 inter
1076 2728 1378 2801 Augustus
1406 2722 1749 2778 recumbens

788 2812 1085 2886 Purpureo
1112 2805 1255 2862 bibit
1280 2822 1380 2860 ore
1407 2811 1621 2858 nectar.

633 2892 766 2950 Hac
793 2903 851 2948 te
879 2898 1215 2956 merentem,
1246 2883 1478 2940 Bacche
1505 2891 1684 2956 pater,
1711 2889 1827 2937 tuae

631 2970 862 3030 vexere
890 2970 1083 3044 tigres,
1115 2963 1348 3023 indocili
1372 2963 1575 3038 jugum

711 3051 876 3108 Collo
902 3049 1206 3105 trahentes».
1277 3043 1412 3099 Hac
1437 3041 1725 3102 Quirinus

793 3127 998 3184 Martis
1037 3125 1197 3198 equis
1225 3123 1560 3179 Acheronta
1588 3121 1767 3198 fugit3

628 3210 875 3266 Gratum
903 3203 1171 3278 eloquuta
1198 3201 1633 3259 consiliantibus

634 3287 866 3345 Junone
895 3286 1066 3342 divis:
1111 3288 1146 3312 ‘⁴
1165 3282 1333 3353 Ilion,
1364 3280 1512 3338 Ilion

715 3366 948 3437 Fatalis,
977 3366 1342 3437 incestusque
1366 3361 1567 3435 judex,

793 3445 869 3503 Et
895 3444 1099 3500 mulier
1125 3440 1449 3515 peregrina,
1477 3435 1642 3490 vertit

640 3525 712 3582 In
741 3526 1053 3601 pulverem,
1081 3537 1150 3573 ex
1180 3535 1293 3589 quo
1320 3512 1577 3569 destituit
1604 3510 1742 3564 deos

544 3603 561 3619 ⁸
638 3603 912 3661 Mercede
939 3596 1108 3676 pact&⁴
1137 3591 1487 3659 Laomedon,
1516 3587 1655 3644 mihi
1690 3598 1714 3625 ⁸

719 3681 1021 3755 Castaeque
1050 3677 1385 3732 damnatum
1414 3668 1687 3726 Minervae

564 3820 573 3835 ,
800 3760 952 3816 Cum
978 3754 1186 3831 populo
1212 3761 1270 3809 et
1297 3751 1444 3806 duce
1474 3748 1848 3806 fraudulento.

638 3840 679 3898 J
682 3857 776 3898 am
802 3857 915 3895 nec
942 3831 1207 3893 Lacaenae
1235 3829 1495 3906 splendet
1520 3825 1792 3884 adulteras

2157 2626 2304 2696 ‘lo

2232 3034 2305 3092 15
