2621 4297
1016 313 1079 369 Q.
1113 310 1409 361 HoRATn
1440 309 1689 360 Fumo!

750 455 1028 514 Narratur
1054 463 1113 511 et
1137 454 1312 531 prisci
1339 452 1575 511 Catonis

830 532 998 608 Saepe
1028 552 1189 591 mero
1210 533 1455 591 caluisse
1481 532 1674 588 virtus,

675 613 774 671 Tu
802 612 932 669 lene
960 622 1303 668 tormentum
1333 611 1565 686 ingenio
1593 610 1858 668 admoves

672 690 1014 764 Plerumque
1041 691 1211 747 duro:
1253 701 1317 746 tu
1345 689 1687 764 sapientium

751 771 936 827 Curas
963 780 1021 825 et
1047 788 1320 825 areanum
1345 768 1542 842 jocoso
2267 766 2341 825 15

832 848 1154 905 Consilium
1183 848 1391 922 retegis
1418 848 1630 920 Lyaeo:

676 928 775 984 Tu
803 946 963 1002 spem
990 927 1219 983 reducis
1246 926 1535 983 mentibus
1562 924 1747 981 anxiis

674 1007 987 1080 Viresque3
1029 1016 1086 1061 et
1114 1007 1276 1061 addis
1303 1008 1520 1061 cornua
1545 1002 1799 1078 pauperi,

753 1084 888 1142 Post
915 1096 972 1141 te
1000 1102 1185 1158 neque
1212 1085 1385 1142 iratos
1405 1082 1670 1140 trementi

834 1163 1068 1238 Regum
1095 1164 1306 1237 apiceS,
1336 1180 1522 1235 neque
1549 1162 1793 1217 militum
1822 1176 1998 1218 arma.
2263 1157 2343 1219 20

677 1242 770 1299 Te
799 1242 992 1313 Liber,
1020 1251 1098 1312 et,
1127 1243 1175 1298 si
1203 1243 1332 1299 laeta
1359 1242 1559 1311 aderit,
1588 1240 1811 1311 Venae,

680 1322 1011 1396 Segnesque
1038 1322 1252 1377 nodum
1279 1322 1495 1378 solvere
1523 1319 1755 1389 Gratiae,

756 1400 1029 1473 Vivaeque
1056 1400 1375 1473 producent
1401 1399 1669 1467 lucernae,

838 1476 992 1533 Dum
1021 1477 1249 1534 rediens
1277 1478 1436 1552 sugat
1462 1485 1612 1533 astra
1638 1474 1905 1533 Phoebus.

1173 1787 1344 1844 ODE
1384 1788 1551 1846 XVI.

1173 1926 1253 1964 AD
1282 1926 1539 1966 DIANAM.

681 2028 987 2087 ΜοΝΤιυΜ
1014 2037 1205 2084 custos
1240 2045 1670 2099 nemorumque,
1698 2025 1876 2102 virge,

678 2109 831 2173 Quae
860 2108 1181 2166 laborantes
1208 2117 1371 2164 utero
1397 2106 1615 2181 puellas

681 2190 803 2246 Ter
830 2197 1028 2244 vocata
1054 2187 1236 2254 audie,
1266 2185 1580 2257 adimisque
1606 2184 1743 2256 leto,

1075 2263 1223 2318 Diva
1250 2262 1552 2329 trifbrmi53

683 2344 1000 2403 Imminens
1030 2341 1172 2397 villae
1200 2351 1300 2397 tua
1325 2340 1495 2415 pinus
1522 2350 1662 2411 esto,
2310 2342 2353 2399 5

678 2423 873 2485 Quam
903 2439 1003 2495 per
1031 2430 1261 2476 exactos
1284 2438 1395 2495 ego
1421 2420 1585 2476 laetus
1613 2437 1794 2477 annos
2165 2435 2172 2440 ·

683 2500 881 2557 Verris
906 2499 1197 2573 obliquum
1226 2500 1555 2556 meditantis
1581 2498 1758 2556 ictum

1081 2578 1377 2654 Sanguine
1404 2578 1632 2635 donem.

1159 2887 1328 2944 ODE
1368 2886 1573 2945 xvn.
2191 2861 2200 2868 ’

1144 3025 1224 3063 ΑΒ
1252 3023 1580 3064 rmum.

685 3129 872 3186 cmo
900 3127 1132 3203 supinas
1159 3125 1208 3183 si
1235 3124 1432 3183 tuleris
1459 3144 1664 3184 manus

687 3207 980 3264 Nascente
1008 3205 1196 3276 Luna,
1225 3205 1437 3261 rustica
1462 3203 1726 3278 Phidyle,

765 3287 830 3344 Si
858 3287 1024 3342 thure
1049 3284 1296 3359 placaris
1325 3292 1382 3338 et
1409 3282 1589 3338 horna

843 3364 1034 3439 Fruge
1063 3364 1257 3432 Lama,
1286 3359 1562 3433 avidaque
1590 3359 1793 3435 porc&

687 3444 816 3501 Nec
842 3444 1201 3519 pestilentem
1229 3439 1437 3497 sentiet
1464 3439 1728 3495 Africum
2312 3441 2354 3499 5

682 3522 989 3579 ·Foecunda
1016 3522 1164 3593 vitis»,
1191 3539 1303 3578 nec
1332 3518 1579 3576 sterilem
1605 3538 1775 3594 seges

765 3600 1140 3672 Rubiginem,
1168 3612 1266 3657 aut
1294 3599 1493 3656 dulces
1520 3598 1735 3655 alumni

844 3675 1129 3731 Pomifero
1154 3696 1323 3749 grave
1352 3689 1576 3751 tempus
1604 3694 1773 3736 anno-

690 3753 863 3825 Nam,
891 3771 1017 3827 quae
1044 3753 1214 3809 nivali
1242 3756 1493 3828 pascitur
1522 3754 1736 3827 Algido

693 3831 907 3888 Devota
933 3848 1177 3903 quercus
1203 3831 1349 3889 inter
1376 3845 1434 3890 et
1461 3832 1646 3903 ilioes,
2283 3834 2356 3892 10
