<?xml version="1.0" encoding="UTF-8"?>
<!DOCTYPE html PUBLIC "-//W3C//DTD XHTML 1.0 Transitional//EN"
    "http://www.w3.org/TR/xhtml1/DTD/xhtml1-transitional.dtd">
<html xmlns="http://www.w3.org/1999/xhtml" xml:lang="en" lang="en">
 <head>
  <title>
</title>
<meta http-equiv="Content-Type" content="text/html;charset=utf-8" />
  <meta name='ocr-system' content='tesseract 3.04.00' />
  <meta name='ocr-capabilities' content='ocr_page ocr_carea ocr_par ocr_line ocrx_word'/>
</head>
<body>
  <div class='ocr_page' id='page_1' title='image "./opera10horagoog_0173.png"; bbox 0 0 2621 4297; ppageno 0'>
   <div class='ocr_carea' id='block_1_1' title="bbox 1922 5 2555 11">
    <p class='ocr_par' dir='ltr' id='par_1_1' title="bbox 1922 5 2555 11">
     <span class='ocr_line' id='line_1_1' title="bbox 1922 5 2555 11; baseline 0 0"><span class='ocrx_word' id='word_1_1' title='bbox 1922 5 2555 11; x_wconf 95' lang='lat' dir='ltr'><strong> </strong></span> 
     </span>
    </p>
   </div>
   <div class='ocr_carea' id='block_1_2' title="bbox 932 310 2334 381">
    <p class='ocr_par' dir='ltr' id='par_1_2' title="bbox 932 310 2334 381">
     <span class='ocr_line' id='line_1_2' title="bbox 932 310 2334 381; baseline 0.004 -19"><span class='ocrx_word' id='word_1_2' title='bbox 932 310 1429 364; x_wconf 77' lang='lat' dir='ltr'>EPISTOLARUM</span> <span class='ocrx_word' id='word_1_3' title='bbox 1463 314 1595 365; x_wconf 77' lang='lat' dir='ltr'><strong>Lm.</strong></span> <span class='ocrx_word' id='word_1_4' title='bbox 1630 315 1673 365; x_wconf 91' lang='lat'><strong>1.</strong></span> <span class='ocrx_word' id='word_1_5' title='bbox 1710 319 1787 366; x_wconf 70' lang='grc' dir='ltr'><strong>ιτ.</strong></span> <span class='ocrx_word' id='word_1_6' title='bbox 2220 324 2334 381; x_wconf 71' lang='lat'><strong>163</strong></span> 
     </span>
    </p>
   </div>
   <div class='ocr_carea' id='block_1_3' title="bbox 391 451 2331 3201">
    <p class='ocr_par' dir='ltr' id='par_1_3' title="bbox 428 451 1804 534">
     <span class='ocr_line' id='line_1_3' title="bbox 428 451 1804 534; baseline 0.004 -23"><span class='ocrx_word' id='word_1_7' title='bbox 428 457 467 486; x_wconf 74' lang='lat'><strong>‘⁸</strong></span> <span class='ocrx_word' id='word_1_8' title='bbox 491 451 627 512; x_wconf 92' lang='lat' dir='ltr'><strong>Nec</strong></span> <span class='ocrx_word' id='word_1_9' title='bbox 656 453 869 511; x_wconf 84' lang='lat' dir='ltr'><strong>furtum</strong></span> <span class='ocrx_word' id='word_1_10' title='bbox 898 454 1028 527; x_wconf 87' lang='lat' dir='ltr'><strong>feci,</strong></span> <span class='ocrx_word' id='word_1_11' title='bbox 1058 475 1168 514; x_wconf 86' lang='lat' dir='ltr'><strong>nec</strong></span> <span class='ocrx_word' id='word_1_12' title='bbox 1195 458 1373 534; x_wconf 82' lang='lat' dir='ltr'><strong>fugi,&#39;&#39;</strong></span> <span class='ocrx_word' id='word_1_13' title='bbox 1403 458 1452 515; x_wconf 89' lang='lat' dir='ltr'><strong>si</strong></span> <span class='ocrx_word' id='word_1_14' title='bbox 1480 459 1620 517; x_wconf 89' lang='lat' dir='ltr'><strong>mihi</strong></span> <span class='ocrx_word' id='word_1_15' title='bbox 1649 459 1804 517; x_wconf 83' lang='lat' dir='ltr'><strong>dicat</strong></span> 
     </span>
    </p>

    <p class='ocr_par' dir='ltr' id='par_1_4' title="bbox 427 533 1988 611">
     <span class='ocr_line' id='line_1_4' title="bbox 427 533 1988 611; baseline 0.003 -20"><span class='ocrx_word' id='word_1_16' title='bbox 427 533 680 591; x_wconf 84' lang='lat' dir='ltr'><strong>Servus:</strong></span> <span class='ocrx_word' id='word_1_17' title='bbox 727 538 764 564; x_wconf 91' lang='lat'>“</span> <span class='ocrx_word' id='word_1_18' title='bbox 797 534 994 591; x_wconf 86' lang='lat' dir='ltr'><strong>Habes</strong></span> <span class='ocrx_word' id='word_1_19' title='bbox 1019 537 1282 611; x_wconf 89' lang='lat' dir='ltr'><strong>pretium,</strong></span> <span class='ocrx_word' id='word_1_20' title='bbox 1309 537 1444 594; x_wconf 87' lang='lat' dir='ltr'><strong>loris</strong></span> <span class='ocrx_word' id='word_1_21' title='bbox 1473 557 1588 595; x_wconf 92' lang='lat' dir='ltr'><strong>non</strong></span> <span class='ocrx_word' id='word_1_22' title='bbox 1616 538 1851 609; x_wconf 87' lang='lat' dir='ltr'><strong>ureris,&#39;’</strong></span> <span class='ocrx_word' id='word_1_23' title='bbox 1885 537 1988 595; x_wconf 85' lang='lat' dir='ltr'><strong>aio.</strong></span> 
     </span>
    </p>

    <p class='ocr_par' dir='ltr' id='par_1_5' title="bbox 425 611 2301 691">
     <span class='ocr_line' id='line_1_5' title="bbox 425 611 2301 691; baseline 0.006 -24"><span class='ocrx_word' id='word_1_24' title='bbox 425 611 472 644; x_wconf 72' lang='lat'><strong>‘⁸&#39;</strong></span> <span class='ocrx_word' id='word_1_25' title='bbox 490 611 628 669; x_wconf 88' lang='lat' dir='ltr'><strong>Non</strong></span> <span class='ocrx_word' id='word_1_26' title='bbox 658 612 946 669; x_wconf 90' lang='lat' dir='ltr'><strong>hominem</strong></span> <span class='ocrx_word' id='word_1_27' title='bbox 973 615 1218 671; x_wconf 85' lang='lat' dir='ltr'><strong>occidi.&#39;’</strong></span> <span class='ocrx_word' id='word_1_28' title='bbox 1303 620 1340 645; x_wconf 90' lang='lat'><strong>“</strong></span> <span class='ocrx_word' id='word_1_29' title='bbox 1371 615 1506 672; x_wconf 91' lang='lat' dir='ltr'><strong>Non</strong></span> <span class='ocrx_word' id='word_1_30' title='bbox 1535 634 1736 691; x_wconf 86' lang='lat' dir='ltr'><strong>pasces</strong></span> <span class='ocrx_word' id='word_1_31' title='bbox 1761 618 1823 674; x_wconf 87' lang='lat' dir='ltr'><strong>in</strong></span> <span class='ocrx_word' id='word_1_32' title='bbox 1849 634 2023 674; x_wconf 88' lang='lat' dir='ltr'><strong>cruce</strong></span> <span class='ocrx_word' id='word_1_33' title='bbox 2050 620 2301 678; x_wconf 51' lang='grc' dir='ltr'><strong>εσσομ’*</strong></span> 
     </span>
    </p>

    <p class='ocr_par' dir='ltr' id='par_1_6' title="bbox 426 689 2186 770">
     <span class='ocr_line' id='line_1_6' title="bbox 426 689 2186 770; baseline 0.005 -24"><span class='ocrx_word' id='word_1_34' title='bbox 426 693 465 721; x_wconf 86' lang='grc'><strong>“</strong></span> <span class='ocrx_word' id='word_1_35' title='bbox 498 692 641 747; x_wconf 86' lang='lat' dir='ltr'><strong>Sum</strong></span> <span class='ocrx_word' id='word_1_36' title='bbox 669 689 853 747; x_wconf 77' lang='lat' dir='ltr'><strong>botius</strong></span> <span class='ocrx_word' id='word_1_37' title='bbox 873 703 933 748; x_wconf 89' lang='lat' dir='ltr'><strong>et</strong></span> <span class='ocrx_word' id='word_1_38' title='bbox 960 691 1163 766; x_wconf 86' lang='lat' dir='ltr'><strong>frugi.”</strong></span> <span class='ocrx_word' id='word_1_39' title='bbox 1246 692 1473 751; x_wconf 86' lang='lat' dir='ltr'><strong>Renuit</strong></span> <span class='ocrx_word' id='word_1_40' title='bbox 1500 705 1673 770; x_wconf 85' lang='lat' dir='ltr'><strong>negat</strong></span> <span class='ocrx_word' id='word_1_41' title='bbox 1698 709 1865 770; x_wconf 86' lang='lat' dir='ltr'><strong>atque</strong></span> <span class='ocrx_word' id='word_1_42' title='bbox 1889 696 2186 754; x_wconf 80' lang='lat' dir='ltr'><strong>Sabellus:</strong></span> 
     </span>
    </p>

    <p class='ocr_par' dir='ltr' id='par_1_7' title="bbox 429 768 2331 850">
     <span class='ocr_line' id='line_1_7' title="bbox 429 768 2331 850; baseline 0.005 -26"><span class='ocrx_word' id='word_1_43' title='bbox 429 772 468 800; x_wconf 87' lang='lat'><strong>“</strong></span> <span class='ocrx_word' id='word_1_44' title='bbox 492 768 715 825; x_wconf 87' lang='lat' dir='ltr'><strong>Cautus</strong></span> <span class='ocrx_word' id='word_1_45' title='bbox 741 769 896 826; x_wconf 91' lang='lat' dir='ltr'><strong>enim</strong></span> <span class='ocrx_word' id='word_1_46' title='bbox 925 771 1128 827; x_wconf 90' lang='lat' dir='ltr'><strong>metuit</strong></span> <span class='ocrx_word' id='word_1_47' title='bbox 1156 771 1373 828; x_wconf 85' lang='lat' dir='ltr'><strong>foveam</strong></span> <span class='ocrx_word' id='word_1_48' title='bbox 1400 772 1585 848; x_wconf 86' lang='lat' dir='ltr'><strong>lupus,</strong></span> <span class='ocrx_word' id='word_1_49' title='bbox 1613 774 1995 850; x_wconf 76' lang='lat' dir='ltr'><strong>accipiterque</strong></span> <span class='ocrx_word' id='word_1_50' title='bbox 2250 776 2331 833; x_wconf 81' lang='lat'><strong>5⁰</strong></span> 
     </span>
    </p>

    <p class='ocr_par' dir='ltr' id='par_1_8' title="bbox 430 847 1896 925">
     <span class='ocr_line' id='line_1_8' title="bbox 430 847 1896 925; baseline 0.004 -21"><span class='ocrx_word' id='word_1_51' title='bbox 430 847 740 922; x_wconf 72' lang='lat' dir='ltr'>Suspectus</span> <span class='ocrx_word' id='word_1_52' title='bbox 766 847 1015 922; x_wconf 83' lang='lat' dir='ltr'><strong>laqueos,</strong></span> <span class='ocrx_word' id='word_1_53' title='bbox 1044 859 1102 905; x_wconf 93' lang='lat' dir='ltr'><strong>et</strong></span> <span class='ocrx_word' id='word_1_54' title='bbox 1126 860 1385 925; x_wconf 89' lang='lat' dir='ltr'><strong>opertum</strong></span> <span class='ocrx_word' id='word_1_55' title='bbox 1410 851 1620 907; x_wconf 88' lang='lat' dir='ltr'><strong>miluus</strong></span> <span class='ocrx_word' id='word_1_56' title='bbox 1648 852 1896 910; x_wconf 87' lang='lat' dir='ltr'><strong>hamum.</strong></span> 
     </span>
    </p>

    <p class='ocr_par' dir='ltr' id='par_1_9' title="bbox 426 924 1629 1001">
     <span class='ocr_line' id='line_1_9' title="bbox 426 924 1629 1001; baseline 0.005 -20"><span class='ocrx_word' id='word_1_57' title='bbox 426 924 697 983; x_wconf 85' lang='lat' dir='ltr'><strong>Oderunt</strong></span> <span class='ocrx_word' id='word_1_58' title='bbox 722 945 963 1001; x_wconf 87' lang='lat' dir='ltr'><strong>peccare</strong></span> <span class='ocrx_word' id='word_1_59' title='bbox 993 927 1126 984; x_wconf 92' lang='lat' dir='ltr'><strong>boni</strong></span> <span class='ocrx_word' id='word_1_60' title='bbox 1154 928 1374 985; x_wconf 88' lang='lat' dir='ltr'><strong>virtutis</strong></span> <span class='ocrx_word' id='word_1_61' title='bbox 1402 948 1591 987; x_wconf 86' lang='lat' dir='ltr'><strong>amore</strong></span> <span class='ocrx_word' id='word_1_62' title='bbox 1614 950 1629 999; x_wconf 90' lang='lat'>;</span> 
     </span>
    </p>

    <p class='ocr_par' dir='ltr' id='par_1_10' title="bbox 427 1002 1721 1082">
     <span class='ocr_line' id='line_1_10' title="bbox 427 1002 1721 1082; baseline 0.005 -22"><span class='ocrx_word' id='word_1_63' title='bbox 427 1002 528 1060; x_wconf 87' lang='lat' dir='ltr'><strong>Tu</strong></span> <span class='ocrx_word' id='word_1_64' title='bbox 555 1005 697 1062; x_wconf 89' lang='lat' dir='ltr'><strong>nihil</strong></span> <span class='ocrx_word' id='word_1_65' title='bbox 728 1004 993 1062; x_wconf 84' lang='lat' dir='ltr'>admittes</span> <span class='ocrx_word' id='word_1_66' title='bbox 1020 1005 1080 1062; x_wconf 89' lang='lat' dir='ltr'><strong>in</strong></span> <span class='ocrx_word' id='word_1_67' title='bbox 1107 1019 1163 1063; x_wconf 86' lang='lat' dir='ltr'><strong>te</strong></span> <span class='ocrx_word' id='word_1_68' title='bbox 1193 1005 1494 1064; x_wconf 67' lang='lat' dir='ltr'><strong>formidine</strong></span> <span class='ocrx_word' id='word_1_69' title='bbox 1522 1027 1721 1082; x_wconf 77' lang='lat' dir='ltr'><strong>poenae.</strong></span> 
     </span>
    </p>

    <p class='ocr_par' dir='ltr' id='par_1_11' title="bbox 430 1082 1741 1162">
     <span class='ocr_line' id='line_1_11' title="bbox 430 1082 1741 1162; baseline 0.003 -23"><span class='ocrx_word' id='word_1_70' title='bbox 430 1082 520 1139; x_wconf 84' lang='lat' dir='ltr'><strong>Sit</strong></span> <span class='ocrx_word' id='word_1_71' title='bbox 548 1102 677 1158; x_wconf 89' lang='lat' dir='ltr'><strong>spes</strong></span> <span class='ocrx_word' id='word_1_72' title='bbox 706 1083 958 1155; x_wconf 84' lang='lat' dir='ltr'><strong>fallendi,</strong></span> <span class='ocrx_word' id='word_1_73' title='bbox 987 1085 1254 1141; x_wconf 83' lang='lat' dir='ltr'><strong>miscebis</strong></span> <span class='ocrx_word' id='word_1_74' title='bbox 1282 1104 1446 1143; x_wconf 87' lang='lat' dir='ltr'><strong>sacra</strong></span> <span class='ocrx_word' id='word_1_75' title='bbox 1470 1086 1741 1162; x_wconf 75' lang='lat' dir='ltr'><strong>profanis,</strong></span> 
     </span>
    </p>

    <p class='ocr_par' dir='ltr' id='par_1_12' title="bbox 427 1160 2328 1239">
     <span class='ocr_line' id='line_1_12' title="bbox 427 1160 2328 1239; baseline 0.005 -22"><span class='ocrx_word' id='word_1_76' title='bbox 427 1160 582 1218; x_wconf 91' lang='lat' dir='ltr'><strong>Nam</strong></span> <span class='ocrx_word' id='word_1_77' title='bbox 610 1163 683 1218; x_wconf 93' lang='lat' dir='ltr'><strong>de</strong></span> <span class='ocrx_word' id='word_1_78' title='bbox 711 1162 867 1218; x_wconf 88' lang='lat' dir='ltr'><strong>mille</strong></span> <span class='ocrx_word' id='word_1_79' title='bbox 895 1162 1039 1219; x_wconf 82' lang='lat' dir='ltr'><strong>fabae</strong></span> <span class='ocrx_word' id='word_1_80' title='bbox 1068 1164 1271 1220; x_wconf 90' lang='lat' dir='ltr'><strong>modiis</strong></span> <span class='ocrx_word' id='word_1_81' title='bbox 1297 1182 1474 1238; x_wconf 90' lang='lat' dir='ltr'><strong>quum</strong></span> <span class='ocrx_word' id='word_1_82' title='bbox 1503 1165 1735 1239; x_wconf 83' lang='lat' dir='ltr'><strong>surripis</strong></span> <span class='ocrx_word' id='word_1_83' title='bbox 1761 1182 1962 1238; x_wconf 89' lang='lat' dir='ltr'><strong>unum,</strong></span> <span class='ocrx_word' id='word_1_84' title='bbox 2248 1167 2328 1226; x_wconf 75' lang='lat'><strong>65</strong></span> 
     </span>
    </p>

    <p class='ocr_par' dir='ltr' id='par_1_13' title="bbox 427 1238 2030 1317">
     <span class='ocr_line' id='line_1_13' title="bbox 427 1238 2030 1317; baseline 0.002 -21"><span class='ocrx_word' id='word_1_85' title='bbox 427 1238 720 1297; x_wconf 84' lang='lat' dir='ltr'>Damnum</span> <span class='ocrx_word' id='word_1_86' title='bbox 748 1251 851 1310; x_wconf 86' lang='lat' dir='ltr'><strong>est,</strong></span> <span class='ocrx_word' id='word_1_87' title='bbox 880 1260 997 1297; x_wconf 91' lang='lat' dir='ltr'><strong>non</strong></span> <span class='ocrx_word' id='word_1_88' title='bbox 1025 1241 1266 1312; x_wconf 79' lang='lat' dir='ltr'><strong>facinuS,</strong></span> <span class='ocrx_word' id='word_1_89' title='bbox 1295 1242 1436 1298; x_wconf 88' lang='lat' dir='ltr'><strong>mihi</strong></span> <span class='ocrx_word' id='word_1_90' title='bbox 1464 1253 1630 1317; x_wconf 89' lang='lat' dir='ltr'><strong>pacto</strong></span> <span class='ocrx_word' id='word_1_91' title='bbox 1657 1243 1842 1299; x_wconf 88' lang='lat' dir='ltr'><strong>lenius</strong></span> <span class='ocrx_word' id='word_1_92' title='bbox 1869 1243 2030 1300; x_wconf 87' lang='lat' dir='ltr'><strong>isto.&#39;&#39;</strong></span> 
     </span>
    </p>

    <p class='ocr_par' dir='ltr' id='par_1_14' title="bbox 428 1317 2195 1395">
     <span class='ocr_line' id='line_1_14' title="bbox 428 1317 2195 1395; baseline 0.002 -20"><span class='ocrx_word' id='word_1_93' title='bbox 428 1317 533 1375; x_wconf 89' lang='lat' dir='ltr'><strong>Vir</strong></span> <span class='ocrx_word' id='word_1_94' title='bbox 562 1320 765 1390; x_wconf 77' lang='lat' dir='ltr'><strong>bonne,</strong></span> <span class='ocrx_word' id='word_1_95' title='bbox 792 1338 963 1376; x_wconf 90' lang='lat' dir='ltr'><strong>omne</strong></span> <span class='ocrx_word' id='word_1_96' title='bbox 993 1319 1175 1376; x_wconf 89' lang='lat' dir='ltr'><strong>sorum</strong></span> <span class='ocrx_word' id='word_1_97' title='bbox 1205 1339 1375 1395; x_wconf 90' lang='lat' dir='ltr'><strong>quem</strong></span> <span class='ocrx_word' id='word_1_98' title='bbox 1405 1332 1623 1395; x_wconf 87' lang='lat' dir='ltr'><strong>spectat</strong></span> <span class='ocrx_word' id='word_1_99' title='bbox 1648 1334 1706 1377; x_wconf 90' lang='lat' dir='ltr'><strong>et</strong></span> <span class='ocrx_word' id='word_1_100' title='bbox 1731 1339 1904 1378; x_wconf 88' lang='lat' dir='ltr'><strong>omne</strong></span> <span class='ocrx_word' id='word_1_101' title='bbox 1932 1321 2195 1394; x_wconf 87' lang='lat' dir='ltr'><strong>tribunal,</strong></span> 
     </span>
    </p>

    <p class='ocr_par' dir='ltr' id='par_1_15' title="bbox 424 1396 1907 1494">
     <span class='ocr_line' id='line_1_15' title="bbox 424 1396 1907 1494; baseline -0.001 -36"><span class='ocrx_word' id='word_1_102' title='bbox 424 1396 910 1472; x_wconf 80' lang='lat' dir='ltr'><strong>Quandoounque</strong></span> <span class='ocrx_word' id='word_1_103' title='bbox 938 1398 1077 1454; x_wconf 87' lang='lat' dir='ltr'><strong>deos</strong></span> <span class='ocrx_word' id='word_1_104' title='bbox 1104 1398 1190 1454; x_wconf 88' lang='lat' dir='ltr'><strong>vel</strong></span> <span class='ocrx_word' id='word_1_105' title='bbox 1220 1416 1393 1494; x_wconf 87' lang='lat' dir='ltr'><strong>porco</strong></span> <span class='ocrx_word' id='word_1_106' title='bbox 1420 1399 1506 1455; x_wconf 85' lang='lat' dir='ltr'><strong>vel</strong></span> <span class='ocrx_word' id='word_1_107' title='bbox 1539 1399 1677 1456; x_wconf 88' lang='lat' dir='ltr'><strong>bove</strong></span> <span class='ocrx_word' id='word_1_108' title='bbox 1703 1399 1907 1474; x_wconf 81' lang='lat' dir='ltr'><strong>placat,</strong></span> 
     </span>
    </p>

    <p class='ocr_par' dir='ltr' id='par_1_16' title="bbox 428 1475 1993 1554">
     <span class='ocr_line' id='line_1_16' title="bbox 428 1475 1993 1554; baseline 0.001 -22"><span class='ocrx_word' id='word_1_109' title='bbox 428 1478 465 1507; x_wconf 91' lang='lat'><strong>“</strong></span> <span class='ocrx_word' id='word_1_110' title='bbox 488 1475 648 1533; x_wconf 83' lang='lat' dir='ltr'><strong>Jane</strong></span> <span class='ocrx_word' id='word_1_111' title='bbox 664 1478 859 1554; x_wconf 46' lang='lat' dir='ltr'><strong>pater?</strong></span> <span class='ocrx_word' id='word_1_112' title='bbox 889 1475 1064 1546; x_wconf 73' lang='lat' dir='ltr'><strong>clare,</strong></span> <span class='ocrx_word' id='word_1_113' title='bbox 1093 1476 1247 1536; x_wconf 83' lang='lat' dir='ltr'><strong>clare</strong></span> <span class='ocrx_word' id='word_1_114' title='bbox 1276 1495 1452 1552; x_wconf 90' lang='lat' dir='ltr'><strong>quum</strong></span> <span class='ocrx_word' id='word_1_115' title='bbox 1480 1478 1623 1535; x_wconf 83' lang='lat' dir='ltr'><strong>dixit</strong></span> <span class='ocrx_word' id='word_1_116' title='bbox 1649 1483 1686 1525; x_wconf 81' lang='lat'><strong>‘-‘</strong></span> <span class='ocrx_word' id='word_1_117' title='bbox 1718 1478 1993 1553; x_wconf 88' lang='lat' dir='ltr'><strong>Apollo&#39;&#39;;</strong></span> 
     </span>
    </p>

    <p class='ocr_par' dir='ltr' id='par_1_17' title="bbox 391 1553 2328 1630">
     <span class='ocr_line' id='line_1_17' title="bbox 391 1553 2328 1630; baseline 0.003 -19"><span class='ocrx_word' id='word_1_118' title='bbox 391 1564 402 1569; x_wconf 75' lang='grc'><em>“</em></span> <span class='ocrx_word' id='word_1_119' title='bbox 427 1553 617 1612; x_wconf 86' lang='lat' dir='ltr'><strong>Labra</strong></span> <span class='ocrx_word' id='word_1_120' title='bbox 647 1566 851 1625; x_wconf 89' lang='lat' dir='ltr'><strong>movet,</strong></span> <span class='ocrx_word' id='word_1_121' title='bbox 880 1567 1141 1611; x_wconf 85' lang='lat' dir='ltr'><strong>metuens</strong></span> <span class='ocrx_word' id='word_1_122' title='bbox 1169 1556 1389 1618; x_wconf 86' lang='lat' dir='ltr'><strong>audiri:</strong></span> <span class='ocrx_word' id='word_1_123' title='bbox 1434 1561 1469 1587; x_wconf 91' lang='lat'><strong>“</strong></span> <span class='ocrx_word' id='word_1_124' title='bbox 1502 1555 1748 1613; x_wconf 87' lang='lat' dir='ltr'><strong>Pulchra</strong></span> <span class='ocrx_word' id='word_1_125' title='bbox 1775 1556 2052 1630; x_wconf 86' lang='lat' dir='ltr'><strong>Laverna,</strong></span> <span class='ocrx_word' id='word_1_126' title='bbox 2248 1556 2328 1616; x_wconf 76' lang='lat'><strong>6⁰</strong></span> 
     </span>
    </p>

    <p class='ocr_par' dir='ltr' id='par_1_18' title="bbox 427 1631 1877 1711">
     <span class='ocr_line' id='line_1_18' title="bbox 427 1631 1877 1711; baseline 0.001 -21"><span class='ocrx_word' id='word_1_127' title='bbox 427 1631 522 1690; x_wconf 91' lang='lat' dir='ltr'><strong>Da</strong></span> <span class='ocrx_word' id='word_1_128' title='bbox 549 1634 690 1690; x_wconf 89' lang='lat' dir='ltr'><strong>mihi</strong></span> <span class='ocrx_word' id='word_1_129' title='bbox 720 1634 931 1703; x_wconf 83' lang='lat' dir='ltr'><strong>fallere,</strong></span> <span class='ocrx_word' id='word_1_130' title='bbox 961 1634 1034 1690; x_wconf 87' lang='lat' dir='ltr'><strong>da</strong></span> <span class='ocrx_word' id='word_1_131' title='bbox 1056 1634 1272 1709; x_wconf 86' lang='lat' dir='ltr'><strong>justum</strong></span> <span class='ocrx_word' id='word_1_132' title='bbox 1301 1644 1673 1711; x_wconf 83' lang='lat' dir='ltr'><strong>sanctumque</strong></span> <span class='ocrx_word' id='word_1_133' title='bbox 1701 1634 1877 1693; x_wconf 86' lang='lat' dir='ltr'><strong>videri</strong></span> 
     </span>
    </p>

    <p class='ocr_par' dir='ltr' id='par_1_19' title="bbox 428 1710 1870 1790">
     <span class='ocr_line' id='line_1_19' title="bbox 428 1710 1870 1790; baseline 0 -20"><span class='ocrx_word' id='word_1_134' title='bbox 428 1710 679 1770; x_wconf 88' lang='lat' dir='ltr'><strong>Noctem</strong></span> <span class='ocrx_word' id='word_1_135' title='bbox 706 1713 957 1788; x_wconf 88' lang='lat' dir='ltr'><strong>peccatis</strong></span> <span class='ocrx_word' id='word_1_136' title='bbox 982 1724 1040 1770; x_wconf 86' lang='lat' dir='ltr'><strong>et</strong></span> <span class='ocrx_word' id='word_1_137' title='bbox 1068 1713 1361 1770; x_wconf 82' lang='lat' dir='ltr'><strong>fraudibus</strong></span> <span class='ocrx_word' id='word_1_138' title='bbox 1386 1713 1574 1790; x_wconf 85' lang='lat' dir='ltr'><strong>objice</strong></span> <span class='ocrx_word' id='word_1_139' title='bbox 1603 1714 1870 1771; x_wconf 89' lang='lat' dir='ltr'><strong>nubem.&#39;&#39;</strong></span> 
     </span>
    </p>

    <p class='ocr_par' dir='ltr' id='par_1_20' title="bbox 425 1789 1715 1866">
     <span class='ocr_line' id='line_1_20' title="bbox 425 1789 1715 1866; baseline 0.002 -19"><span class='ocrx_word' id='word_1_140' title='bbox 425 1789 552 1853; x_wconf 78' lang='lat' dir='ltr'><strong>Qui</strong></span> <span class='ocrx_word' id='word_1_141' title='bbox 581 1792 779 1848; x_wconf 90' lang='lat' dir='ltr'><strong>melior</strong></span> <span class='ocrx_word' id='word_1_142' title='bbox 807 1809 986 1863; x_wconf 85' lang='lat' dir='ltr'><strong>servo,</strong></span> <span class='ocrx_word' id='word_1_143' title='bbox 1015 1789 1112 1866; x_wconf 84' lang='lat' dir='ltr'><strong>qui</strong></span> <span class='ocrx_word' id='word_1_144' title='bbox 1138 1791 1370 1849; x_wconf 84' lang='lat' dir='ltr'><strong>liberior</strong></span> <span class='ocrx_word' id='word_1_145' title='bbox 1397 1792 1469 1848; x_wconf 90' lang='lat' dir='ltr'><strong>sit</strong></span> <span class='ocrx_word' id='word_1_146' title='bbox 1495 1811 1715 1864; x_wconf 68' lang='lat' dir='ltr'><strong>avarus,</strong></span> 
     </span>
    </p>

    <p class='ocr_par' dir='ltr' id='par_1_21' title="bbox 429 1867 1799 1945">
     <span class='ocr_line' id='line_1_21' title="bbox 429 1867 1799 1945; baseline 0.001 -19"><span class='ocrx_word' id='word_1_147' title='bbox 429 1867 504 1927; x_wconf 85' lang='lat' dir='ltr'><strong>In</strong></span> <span class='ocrx_word' id='word_1_148' title='bbox 531 1870 709 1927; x_wconf 86' lang='lat' dir='ltr'><strong>triviis</strong></span> <span class='ocrx_word' id='word_1_149' title='bbox 736 1869 910 1927; x_wconf 82' lang='lat' dir='ltr'><strong>fixum</strong></span> <span class='ocrx_word' id='word_1_150' title='bbox 938 1888 1110 1945; x_wconf 90' lang='lat' dir='ltr'><strong>quum</strong></span> <span class='ocrx_word' id='word_1_151' title='bbox 1141 1889 1203 1927; x_wconf 85' lang='lat' dir='ltr'><strong>se</strong></span> <span class='ocrx_word' id='word_1_152' title='bbox 1231 1870 1477 1927; x_wconf 90' lang='lat' dir='ltr'><strong>demittit</strong></span> <span class='ocrx_word' id='word_1_153' title='bbox 1501 1870 1575 1927; x_wconf 93' lang='lat' dir='ltr'><strong>ob</strong></span> <span class='ocrx_word' id='word_1_154' title='bbox 1596 1889 1799 1941; x_wconf 80' lang='lat' dir='ltr'><strong>assem,</strong></span> 
     </span>
    </p>

    <p class='ocr_par' dir='ltr' id='par_1_22' title="bbox 427 1935 2328 2025">
     <span class='ocr_line' id='line_1_22' title="bbox 427 1935 2328 2025; baseline 0.001 -21"><span class='ocrx_word' id='word_1_155' title='bbox 427 1935 564 2005; x_wconf 84' lang='lat' dir='ltr'><strong>Non</strong></span> <span class='ocrx_word' id='word_1_156' title='bbox 594 1949 789 2006; x_wconf 84' lang='lat' dir='ltr'><strong>video:</strong></span> <span class='ocrx_word' id='word_1_157' title='bbox 831 1967 964 2007; x_wconf 87' lang='lat' dir='ltr'><strong>nam</strong></span> <span class='ocrx_word' id='word_1_158' title='bbox 991 1949 1088 2023; x_wconf 91' lang='lat' dir='ltr'><strong>qui</strong></span> <span class='ocrx_word' id='word_1_159' title='bbox 1115 1950 1328 2025; x_wconf 86' lang='lat' dir='ltr'><strong>cupiet,</strong></span> <span class='ocrx_word' id='word_1_160' title='bbox 1352 1959 1568 2005; x_wconf 87' lang='lat' dir='ltr'><strong>metuet</strong></span> <span class='ocrx_word' id='word_1_161' title='bbox 1592 1966 1846 2023; x_wconf 89' lang='lat' dir='ltr'><strong>quoque;</strong></span> <span class='ocrx_word' id='word_1_162' title='bbox 1887 1944 2076 2023; x_wconf 70' lang='lat' dir='ltr'><strong>porro,</strong></span> <span class='ocrx_word' id='word_1_163' title='bbox 2246 1947 2328 2006; x_wconf 79' lang='lat'><strong>65</strong></span> 
     </span>
    </p>

    <p class='ocr_par' dir='ltr' id='par_1_23' title="bbox 424 2027 1929 2100">
     <span class='ocr_line' id='line_1_23' title="bbox 424 2027 1929 2100; baseline -0.004 -11"><span class='ocrx_word' id='word_1_164' title='bbox 424 2027 551 2089; x_wconf 81' lang='lat' dir='ltr'><strong>Qui</strong></span> <span class='ocrx_word' id='word_1_165' title='bbox 578 2038 839 2085; x_wconf 89' lang='lat' dir='ltr'><strong>metuens</strong></span> <span class='ocrx_word' id='word_1_166' title='bbox 867 2027 1019 2096; x_wconf 85' lang='lat' dir='ltr'><strong>vivit,</strong></span> <span class='ocrx_word' id='word_1_167' title='bbox 1048 2027 1189 2083; x_wconf 83' lang='lat' dir='ltr'><strong>liber</strong></span> <span class='ocrx_word' id='word_1_168' title='bbox 1217 2027 1358 2083; x_wconf 92' lang='lat' dir='ltr'><strong>mihi</strong></span> <span class='ocrx_word' id='word_1_169' title='bbox 1387 2046 1502 2083; x_wconf 92' lang='lat' dir='ltr'><strong>non</strong></span> <span class='ocrx_word' id='word_1_170' title='bbox 1530 2028 1637 2083; x_wconf 89' lang='lat' dir='ltr'><strong>erit</strong></span> <span class='ocrx_word' id='word_1_171' title='bbox 1664 2044 1929 2100; x_wconf 83' lang='lat' dir='ltr'><strong>unquam.</strong></span> 
     </span>
    </p>

    <p class='ocr_par' dir='ltr' id='par_1_24' title="bbox 427 2104 1777 2180">
     <span class='ocr_line' id='line_1_24' title="bbox 427 2104 1777 2180; baseline -0.002 -15"><span class='ocrx_word' id='word_1_172' title='bbox 427 2105 685 2165; x_wconf 87' lang='lat' dir='ltr'><strong>Perdidit</strong></span> <span class='ocrx_word' id='word_1_173' title='bbox 710 2125 886 2177; x_wconf 86' lang='lat' dir='ltr'><strong>arma,</strong></span> <span class='ocrx_word' id='word_1_174' title='bbox 914 2105 1105 2163; x_wconf 91' lang='lat' dir='ltr'><strong>locum</strong></span> <span class='ocrx_word' id='word_1_175' title='bbox 1135 2104 1355 2164; x_wconf 85' lang='lat' dir='ltr'><strong>virtutis</strong></span> <span class='ocrx_word' id='word_1_176' title='bbox 1382 2105 1650 2176; x_wconf 89' lang='lat' dir='ltr'><strong>deseruit,</strong></span> <span class='ocrx_word' id='word_1_177' title='bbox 1679 2104 1777 2180; x_wconf 90' lang='lat' dir='ltr'><strong>qui</strong></span> 
     </span>
    </p>

    <p class='ocr_par' dir='ltr' id='par_1_25' title="bbox 428 2184 1770 2260">
     <span class='ocr_line' id='line_1_25' title="bbox 428 2184 1770 2260; baseline -0.002 -17"><span class='ocrx_word' id='word_1_178' title='bbox 428 2186 668 2260; x_wconf 84' lang='lat' dir='ltr'><strong>Semper</strong></span> <span class='ocrx_word' id='word_1_179' title='bbox 698 2187 757 2243; x_wconf 93' lang='lat' dir='ltr'><strong>in</strong></span> <span class='ocrx_word' id='word_1_180' title='bbox 784 2185 1051 2260; x_wconf 68' lang='lat' dir='ltr'><strong>augenda</strong></span> <span class='ocrx_word' id='word_1_181' title='bbox 1080 2184 1307 2242; x_wconf 81' lang='lat' dir='ltr'><strong>festinat</strong></span> <span class='ocrx_word' id='word_1_182' title='bbox 1332 2196 1391 2241; x_wconf 88' lang='lat' dir='ltr'><strong>et</strong></span> <span class='ocrx_word' id='word_1_183' title='bbox 1410 2184 1664 2241; x_wconf 86' lang='lat' dir='ltr'><strong>obruitur</strong></span> <span class='ocrx_word' id='word_1_184' title='bbox 1691 2203 1770 2241; x_wconf 88' lang='lat' dir='ltr'><strong>re.</strong></span> 
     </span>
    </p>

    <p class='ocr_par' dir='ltr' id='par_1_26' title="bbox 427 2261 1930 2339">
     <span class='ocr_line' id='line_1_26' title="bbox 427 2261 1930 2339; baseline -0.001 -18"><span class='ocrx_word' id='word_1_185' title='bbox 427 2263 697 2322; x_wconf 85' lang='lat' dir='ltr'><strong>Vendere</strong></span> <span class='ocrx_word' id='word_1_186' title='bbox 723 2282 898 2339; x_wconf 86' lang='lat' dir='ltr'><strong>quum</strong></span> <span class='ocrx_word' id='word_1_187' title='bbox 925 2263 1106 2338; x_wconf 80' lang='lat' dir='ltr'><strong>possis</strong></span> <span class='ocrx_word' id='word_1_188' title='bbox 1133 2263 1441 2338; x_wconf 83' lang='lat' dir='ltr'><strong>captivum,</strong></span> <span class='ocrx_word' id='word_1_189' title='bbox 1467 2263 1732 2320; x_wconf 84' lang='lat' dir='ltr'><strong>occidere</strong></span> <span class='ocrx_word' id='word_1_190' title='bbox 1775 2261 1930 2319; x_wconf 84' lang='lat' dir='ltr'><strong>noli:</strong></span> 
     </span>
    </p>

    <p class='ocr_par' dir='ltr' id='par_1_27' title="bbox 428 2339 2329 2416">
     <span class='ocr_line' id='line_1_27' title="bbox 428 2339 2329 2416; baseline -0.001 -17"><span class='ocrx_word' id='word_1_191' title='bbox 428 2343 650 2400; x_wconf 85' lang='lat' dir='ltr'><strong>Serviet</strong></span> <span class='ocrx_word' id='word_1_192' title='bbox 677 2343 886 2400; x_wconf 86' lang='lat' dir='ltr'><strong>utiliter</strong></span> <span class='ocrx_word' id='word_1_193' title='bbox 909 2363 922 2399; x_wconf 90' lang='lat'>:</span> <span class='ocrx_word' id='word_1_194' title='bbox 965 2343 1087 2399; x_wconf 85' lang='lat' dir='ltr'><strong>sine</strong></span> <span class='ocrx_word' id='word_1_195' title='bbox 1112 2353 1310 2416; x_wconf 80' lang='lat' dir='ltr'><strong>pascat</strong></span> <span class='ocrx_word' id='word_1_196' title='bbox 1337 2343 1514 2399; x_wconf 87' lang='lat' dir='ltr'><strong>durus</strong></span> <span class='ocrx_word' id='word_1_197' title='bbox 1540 2352 1803 2416; x_wconf 88' lang='lat' dir='ltr'><strong>aretque;</strong></span> <span class='ocrx_word' id='word_1_198' title='bbox 2248 2339 2329 2397; x_wconf 77' lang='lat'><strong>7⁰</strong></span> 
     </span>
    </p>

    <p class='ocr_par' dir='ltr' id='par_1_28' title="bbox 426 2419 1862 2497">
     <span class='ocr_line' id='line_1_28' title="bbox 426 2419 1862 2497; baseline -0.001 -20"><span class='ocrx_word' id='word_1_199' title='bbox 426 2419 676 2497; x_wconf 84' lang='lat' dir='ltr'><strong>Naviget</strong></span> <span class='ocrx_word' id='word_1_200' title='bbox 706 2441 775 2478; x_wconf 88' lang='lat' dir='ltr'><strong>ac</strong></span> <span class='ocrx_word' id='word_1_201' title='bbox 802 2421 1004 2478; x_wconf 84' lang='lat' dir='ltr'><strong>mediis</strong></span> <span class='ocrx_word' id='word_1_202' title='bbox 1032 2421 1246 2476; x_wconf 89' lang='lat' dir='ltr'><strong>hiemet</strong></span> <span class='ocrx_word' id='word_1_203' title='bbox 1273 2432 1551 2477; x_wconf 87' lang='lat' dir='ltr'><strong>mercator</strong></span> <span class='ocrx_word' id='word_1_204' title='bbox 1573 2420 1632 2475; x_wconf 92' lang='lat' dir='ltr'><strong>in</strong></span> <span class='ocrx_word' id='word_1_205' title='bbox 1663 2419 1862 2490; x_wconf 86' lang='lat' dir='ltr'><strong>undis;</strong></span> 
     </span>
    </p>

    <p class='ocr_par' dir='ltr' id='par_1_29' title="bbox 427 2498 2113 2577">
     <span class='ocr_line' id='line_1_29' title="bbox 427 2498 2113 2577; baseline -0.004 -20"><span class='ocrx_word' id='word_1_206' title='bbox 427 2500 695 2557; x_wconf 81' lang='lat' dir='ltr'><strong>Annonae</strong></span> <span class='ocrx_word' id='word_1_207' title='bbox 721 2500 895 2577; x_wconf 88' lang='lat' dir='ltr'><strong>prosit</strong></span> <span class='ocrx_word' id='word_1_208' title='bbox 917 2519 931 2567; x_wconf 82' lang='lat'>3</span> <span class='ocrx_word' id='word_1_209' title='bbox 972 2508 1155 2574; x_wconf 89' lang='lat' dir='ltr'><strong>portet</strong></span> <span class='ocrx_word' id='word_1_210' title='bbox 1181 2498 1465 2554; x_wconf 81' lang='lat' dir='ltr'><strong>frumenta</strong></span> <span class='ocrx_word' id='word_1_211' title='bbox 1489 2516 1795 2572; x_wconf 89' lang='lat' dir='ltr'><strong>penusque.</strong></span> <span class='ocrx_word' id='word_1_212' title='bbox 2100 2547 2113 2566; x_wconf 32' lang='grc' dir='ltr'>ἱ</span> 
     </span>
    </p>

    <p class='ocr_par' dir='ltr' id='par_1_30' title="bbox 505 2574 2053 2653">
     <span class='ocr_line' id='line_1_30' title="bbox 505 2574 2053 2653; baseline -0.004 -17"><span class='ocrx_word' id='word_1_213' title='bbox 505 2579 612 2635; x_wconf 87' lang='lat' dir='ltr'><strong>Vir</strong></span> <span class='ocrx_word' id='word_1_214' title='bbox 639 2580 824 2636; x_wconf 89' lang='lat' dir='ltr'><strong>bonus</strong></span> <span class='ocrx_word' id='word_1_215' title='bbox 843 2589 902 2635; x_wconf 92' lang='lat' dir='ltr'><strong>et</strong></span> <span class='ocrx_word' id='word_1_216' title='bbox 927 2578 1154 2653; x_wconf 86' lang='lat' dir='ltr'><strong>sapiens</strong></span> <span class='ocrx_word' id='word_1_217' title='bbox 1180 2576 1415 2633; x_wconf 87' lang='lat' dir='ltr'><strong>audebit</strong></span> <span class='ocrx_word' id='word_1_218' title='bbox 1441 2576 1633 2632; x_wconf 90' lang='lat' dir='ltr'><strong>dicere</strong></span> <span class='ocrx_word' id='word_1_219' title='bbox 1659 2594 1672 2630; x_wconf 75' lang='grc' dir='ltr'>ε</span> <span class='ocrx_word' id='word_1_220' title='bbox 1717 2580 1751 2604; x_wconf 85' lang='grc'>“</span> <span class='ocrx_word' id='word_1_221' title='bbox 1774 2574 2053 2646; x_wconf 77' lang='lat' dir='ltr'><strong>Penthea,</strong></span> 
     </span>
    </p>

    <p class='ocr_par' dir='ltr' id='par_1_31' title="bbox 427 2653 2267 2730">
     <span class='ocr_line' id='line_1_31' title="bbox 427 2653 2267 2730; baseline -0.004 -16"><span class='ocrx_word' id='word_1_222' title='bbox 427 2655 648 2714; x_wconf 88' lang='lat' dir='ltr'><strong>Rector</strong></span> <span class='ocrx_word' id='word_1_223' title='bbox 676 2656 1030 2726; x_wconf 87' lang='lat' dir='ltr'><strong>Thebarum,</strong></span> <span class='ocrx_word' id='word_1_224' title='bbox 1057 2654 1193 2730; x_wconf 93' lang='lat' dir='ltr'><strong>quid</strong></span> <span class='ocrx_word' id='word_1_225' title='bbox 1224 2673 1316 2710; x_wconf 93' lang='lat' dir='ltr'><strong>me</strong></span> <span class='ocrx_word' id='word_1_226' title='bbox 1343 2653 1590 2728; x_wconf 87' lang='lat' dir='ltr'><strong>perferre</strong></span> <span class='ocrx_word' id='word_1_227' title='bbox 1617 2653 1843 2728; x_wconf 91' lang='lat' dir='ltr'><strong>patique</strong></span> <span class='ocrx_word' id='word_1_228' title='bbox 2256 2697 2267 2708; x_wconf 71' lang='grc'><strong><em>,</em></strong></span> 
     </span>
    </p>

    <p class='ocr_par' dir='ltr' id='par_1_32' title="bbox 427 2729 2326 2872">
     <span class='ocr_line' id='line_1_32' title="bbox 427 2729 2324 2811; baseline -0.004 -18"><span class='ocrx_word' id='word_1_229' title='bbox 427 2733 741 2811; x_wconf 88' lang='lat' dir='ltr'><strong>Indignum</strong></span> <span class='ocrx_word' id='word_1_230' title='bbox 787 2753 960 2811; x_wconf 78' lang='lat' dir='ltr'><strong>coges</strong></span> <span class='ocrx_word' id='word_1_231' title='bbox 978 2735 1039 2790; x_wconf 70' lang='lat' dir='ltr'><strong>&#39;P’</strong></span> <span class='ocrx_word' id='word_1_232' title='bbox 1124 2738 1159 2764; x_wconf 79' lang='lat'><strong>‘⁶</strong></span> <span class='ocrx_word' id='word_1_233' title='bbox 1191 2733 1465 2790; x_wconf 88' lang='lat' dir='ltr'><strong>Adimam</strong></span> <span class='ocrx_word' id='word_1_234' title='bbox 1507 2732 1710 2789; x_wconf 89' lang='lat' dir='ltr'><strong>bona.’&#39;</strong></span> <span class='ocrx_word' id='word_1_235' title='bbox 1794 2735 1830 2761; x_wconf 90' lang='lat'>“</span> <span class='ocrx_word' id='word_1_236' title='bbox 1859 2729 2086 2809; x_wconf 80' lang='lat' dir='ltr'><strong>Nempe</strong></span> <span class='ocrx_word' id='word_1_237' title='bbox 2127 2750 2324 2809; x_wconf 77' lang='lat' dir='ltr'><strong>pecus,</strong></span> 
     </span>
     <span class='ocr_line' id='line_1_33' title="bbox 589 2811 2326 2872; baseline -0.002 -1"><span class='ocrx_word' id='word_1_238' title='bbox 589 2814 734 2872; x_wconf 66' lang='lat' dir='ltr'><strong>rem‘</strong></span> <span class='ocrx_word' id='word_1_239' title='bbox 1007 2831 1016 2841; x_wconf 89' lang='lat'><strong>·</strong></span> <span class='ocrx_word' id='word_1_240' title='bbox 1360 2829 1365 2832; x_wconf 86' lang='grc'><em>·</em></span> <span class='ocrx_word' id='word_1_241' title='bbox 2246 2811 2326 2868; x_wconf 83' lang='grc'><strong>75</strong></span> 
     </span>
    </p>

    <p class='ocr_par' dir='ltr' id='par_1_33' title="bbox 426 2860 2010 2967">
     <span class='ocr_line' id='line_1_34' title="bbox 426 2860 2010 2967; baseline -0.003 -16"><span class='ocrx_word' id='word_1_242' title='bbox 426 2890 654 2963; x_wconf 88' lang='lat' dir='ltr'><strong>Lectos,</strong></span> <span class='ocrx_word' id='word_1_243' title='bbox 684 2860 1010 2967; x_wconf 66' lang='lat' dir='ltr'><strong>aii-gentum:</strong></span> <span class='ocrx_word' id='word_1_244' title='bbox 1052 2890 1215 2948; x_wconf 82' lang='lat' dir='ltr'><strong>tollas</strong></span> <span class='ocrx_word' id='word_1_245' title='bbox 1242 2889 1431 2947; x_wconf 84' lang='lat' dir='ltr'><strong>licet.&#39;&#39;</strong></span> <span class='ocrx_word' id='word_1_246' title='bbox 1516 2892 1553 2919; x_wconf 92' lang='lat'><strong>“</strong></span> <span class='ocrx_word' id='word_1_247' title='bbox 1584 2886 1657 2944; x_wconf 92' lang='lat' dir='ltr'><strong>In</strong></span> <span class='ocrx_word' id='word_1_248' title='bbox 1685 2887 1925 2946; x_wconf 89' lang='lat' dir='ltr'><strong>manicis</strong></span> <span class='ocrx_word' id='word_1_249' title='bbox 1951 2899 2010 2949; x_wconf 92' lang='lat' dir='ltr'><strong>et</strong></span> 
     </span>
    </p>

    <p class='ocr_par' dir='ltr' id='par_1_34' title="bbox 427 2967 1768 3048">
     <span class='ocr_line' id='line_1_35' title="bbox 427 2967 1768 3048; baseline -0.004 -19"><span class='ocrx_word' id='word_1_250' title='bbox 427 2970 820 3048; x_wconf 87' lang='lat' dir='ltr'><strong>Compedibus</strong></span> <span class='ocrx_word' id='word_1_251' title='bbox 847 2988 995 3026; x_wconf 78' lang='lat' dir='ltr'><strong>saevo</strong></span> <span class='ocrx_word' id='word_1_252' title='bbox 1022 2980 1080 3026; x_wconf 87' lang='lat' dir='ltr'><strong>te</strong></span> <span class='ocrx_word' id='word_1_253' title='bbox 1108 2970 1214 3026; x_wconf 90' lang='lat' dir='ltr'><strong>sub</strong></span> <span class='ocrx_word' id='word_1_254' title='bbox 1242 2968 1478 3026; x_wconf 88' lang='lat' dir='ltr'><strong>custode</strong></span> <span class='ocrx_word' id='word_1_255' title='bbox 1506 2967 1768 3025; x_wconf 87' lang='lat' dir='ltr'><strong>tenebo.&#39;’</strong></span> 
     </span>
    </p>

    <p class='ocr_par' dir='ltr' id='par_1_35' title="bbox 428 3043 2140 3125">
     <span class='ocr_line' id='line_1_36' title="bbox 428 3043 2140 3125; baseline -0.001 -20"><span class='ocrx_word' id='word_1_256' title='bbox 428 3053 467 3080; x_wconf 87' lang='lat'>“</span> <span class='ocrx_word' id='word_1_257' title='bbox 498 3049 630 3125; x_wconf 81' lang='lat' dir='ltr'><strong>Ipse</strong></span> <span class='ocrx_word' id='word_1_258' title='bbox 658 3050 819 3119; x_wconf 79' lang='lat' dir='ltr'><strong>dene,</strong></span> <span class='ocrx_word' id='word_1_259' title='bbox 849 3048 1016 3105; x_wconf 86' lang='lat' dir='ltr'><strong>simul</strong></span> <span class='ocrx_word' id='word_1_260' title='bbox 1046 3061 1212 3122; x_wconf 77' lang='lat' dir='ltr'><strong>atque</strong></span> <span class='ocrx_word' id='word_1_261' title='bbox 1240 3048 1442 3118; x_wconf 85' lang='lat' dir='ltr'><strong>volam,</strong></span> <span class='ocrx_word' id='word_1_262' title='bbox 1470 3065 1562 3103; x_wconf 92' lang='lat' dir='ltr'><strong>me</strong></span> <span class='ocrx_word' id='word_1_263' title='bbox 1590 3045 1817 3103; x_wconf 84' lang='lat' dir='ltr'><strong>solvet.”</strong></span> <span class='ocrx_word' id='word_1_264' title='bbox 1900 3043 2140 3121; x_wconf 85' lang='lat' dir='ltr'><strong>Opinor,</strong></span> 
     </span>
    </p>

    <p class='ocr_par' dir='ltr' id='par_1_36' title="bbox 429 3124 2106 3201">
     <span class='ocr_line' id='line_1_37' title="bbox 429 3124 2106 3201; baseline -0.002 -15"><span class='ocrx_word' id='word_1_265' title='bbox 429 3126 563 3187; x_wconf 82' lang='lat' dir='ltr'><strong>Boc</strong></span> <span class='ocrx_word' id='word_1_266' title='bbox 588 3128 779 3201; x_wconf 85' lang='lat' dir='ltr'><strong>sentit,</strong></span> <span class='ocrx_word' id='word_1_267' title='bbox 809 3131 845 3158; x_wconf 91' lang='lat'><strong>“</strong></span> <span class='ocrx_word' id='word_1_268' title='bbox 871 3125 1155 3195; x_wconf 86' lang='lat' dir='ltr'><strong>Moriar&#39;’;</strong></span> <span class='ocrx_word' id='word_1_269' title='bbox 1197 3144 1350 3183; x_wconf 84' lang='lat' dir='ltr'><strong>mors</strong></span> <span class='ocrx_word' id='word_1_270' title='bbox 1378 3124 1576 3183; x_wconf 88' lang='lat' dir='ltr'><strong>ultima</strong></span> <span class='ocrx_word' id='word_1_271' title='bbox 1600 3125 1755 3183; x_wconf 89' lang='lat' dir='ltr'><strong>linea</strong></span> <span class='ocrx_word' id='word_1_272' title='bbox 1779 3142 1969 3183; x_wconf 86' lang='lat' dir='ltr'><strong>rerum</strong></span> <span class='ocrx_word' id='word_1_273' title='bbox 1995 3134 2106 3183; x_wconf 84' lang='lat' dir='ltr'><strong>est.</strong></span> 
     </span>
    </p>
   </div>
   <div class='ocr_carea' id='block_1_4' title="bbox 1022 3435 1656 3497">
    <p class='ocr_par' dir='ltr' id='par_1_37' title="bbox 1022 3435 1656 3497">
     <span class='ocr_line' id='line_1_38' title="bbox 1022 3435 1656 3497; baseline -0.002 -2"><span class='ocrx_word' id='word_1_274' title='bbox 1022 3436 1432 3497; x_wconf 85' lang='lat' dir='ltr'><strong>EPISTOLA</strong></span> <span class='ocrx_word' id='word_1_275' title='bbox 1455 3435 1656 3495; x_wconf 88' lang='lat' dir='ltr'><strong>XVII.</strong></span> 
     </span>
    </p>
   </div>
   <div class='ocr_carea' id='block_1_5' title="bbox 1159 3573 1538 3613">
    <p class='ocr_par' dir='ltr' id='par_1_38' title="bbox 1159 3573 1538 3613">
     <span class='ocr_line' id='line_1_39' title="bbox 1159 3573 1538 3613; baseline -0.005 -1"><span class='ocrx_word' id='word_1_276' title='bbox 1159 3573 1240 3612; x_wconf 76' lang='lat' dir='ltr'><strong>AD</strong></span> <span class='ocrx_word' id='word_1_277' title='bbox 1269 3573 1538 3613; x_wconf 69' lang='lat' dir='ltr'><strong>SGAEVAM.</strong></span> 
     </span>
    </p>
   </div>
   <div class='ocr_carea' id='block_1_6' title="bbox 427 3633 2105 3916">
    <p class='ocr_par' dir='ltr' id='par_1_39' title="bbox 427 3633 2105 3916">
     <span class='ocr_line' id='line_1_40' title="bbox 427 3633 2014 3748; baseline -0.004 -10"><span class='ocrx_word' id='word_1_278' title='bbox 427 3676 741 3746; x_wconf 65' lang='lat' dir='ltr'><strong>QUAMVIS,</strong></span> <span class='ocrx_word' id='word_1_279' title='bbox 770 3676 991 3746; x_wconf 75' lang='lat' dir='ltr'><strong>Se’oeva,</strong></span> <span class='ocrx_word' id='word_1_280' title='bbox 1016 3662 1155 3730; x_wconf 75' lang='lat' dir='ltr'><strong>satis</strong></span> <span class='ocrx_word' id='word_1_281' title='bbox 1180 3691 1280 3748; x_wconf 89' lang='lat' dir='ltr'><strong>per</strong></span> <span class='ocrx_word' id='word_1_282' title='bbox 1300 3683 1359 3729; x_wconf 91' lang='lat' dir='ltr'><strong>te</strong></span> <span class='ocrx_word' id='word_1_283' title='bbox 1386 3670 1489 3729; x_wconf 90' lang='lat' dir='ltr'><strong>tibi</strong></span> <span class='ocrx_word' id='word_1_284' title='bbox 1515 3670 1787 3742; x_wconf 85' lang='lat' dir='ltr'><strong>consulis,</strong></span> <span class='ocrx_word' id='word_1_285' title='bbox 1813 3682 1874 3730; x_wconf 88' lang='lat' dir='ltr'><strong>et</strong></span> <span class='ocrx_word' id='word_1_286' title='bbox 1898 3633 2014 3731; x_wconf 73' lang='lat' dir='ltr'><strong>scis</strong></span> 
     </span>
     <span class='ocr_line' id='line_1_41' title="bbox 428 3749 2105 3831; baseline -0.007 -15"><span class='ocrx_word' id='word_1_287' title='bbox 428 3756 571 3817; x_wconf 79' lang='lat' dir='ltr'><strong>Quo</strong></span> <span class='ocrx_word' id='word_1_288' title='bbox 596 3755 828 3813; x_wconf 88' lang='lat' dir='ltr'><strong>tandem</strong></span> <span class='ocrx_word' id='word_1_289' title='bbox 857 3763 1023 3831; x_wconf 74' lang='lat' dir='ltr'><strong>pacto</strong></span> <span class='ocrx_word' id='word_1_290' title='bbox 1050 3753 1251 3809; x_wconf 86' lang='lat' dir='ltr'><strong>deceat</strong></span> <span class='ocrx_word' id='word_1_291' title='bbox 1271 3750 1577 3826; x_wconf 86' lang='lat' dir='ltr'><strong>majoribus</strong></span> <span class='ocrx_word' id='word_1_292' title='bbox 1597 3749 1700 3823; x_wconf 90' lang='lat' dir='ltr'><strong>uti,</strong></span> <span class='ocrx_word' id='word_1_293' title='bbox 2096 3751 2105 3760; x_wconf 82' lang='lat'><em>&#39;</em></span> 
     </span>
     <span class='ocr_line' id='line_1_42' title="bbox 431 3828 2090 3916; baseline -0.002 -21"><span class='ocrx_word' id='word_1_294' title='bbox 431 3831 633 3908; x_wconf 79' lang='lat' dir='ltr'><strong>Disce,</strong></span> <span class='ocrx_word' id='word_1_295' title='bbox 658 3834 955 3893; x_wconf 81' lang='lat' dir='ltr'><strong>docendus</strong></span> <span class='ocrx_word' id='word_1_296' title='bbox 980 3831 1188 3905; x_wconf 81' lang='lat' dir='ltr'><strong>adhuc,</strong></span> <span class='ocrx_word' id='word_1_297' title='bbox 1215 3848 1344 3907; x_wconf 79' lang='lat' dir='ltr'><strong>quae</strong></span> <span class='ocrx_word' id='word_1_298' title='bbox 1370 3840 1569 3889; x_wconf 85' lang='lat' dir='ltr'><strong>censet</strong></span> <span class='ocrx_word' id='word_1_299' title='bbox 1593 3828 1909 3903; x_wconf 80' lang='lat' dir='ltr'><strong>amiculus3</strong></span> <span class='ocrx_word' id='word_1_300' title='bbox 1949 3830 2090 3916; x_wconf 22' lang='lat' dir='ltr'><strong>uisui</strong></span> 
     </span>
    </p>
   </div>
  </div>
 </body>
</html>
