2621 4297
841 326 1336 380 EPISTULARUM
1369 328 1499 379 Lm.
1535 331 1606 380 11.
1643 335 1687 380 1.

425 472 512 545 Si,
542 471 679 547 quia
703 471 1036 530 Graecorum
1064 484 1198 530 sunt
1224 473 1614 547 antiquissima
1638 488 1877 550 qumque

338 551 576 626 Scripta
602 551 690 607 vel
719 550 952 644 optima,
982 550 1233 608 Romani
1259 563 1570 626 pensantur
1596 552 1799 609 eadem

350 629 669 717 Scriptores
694 629 927 700 trutina,
957 648 1071 686 non
1098 641 1185 687 est
1210 627 1363 711 qued
1393 631 1568 686 multa
1598 630 1916 705 loquamur:
1959 674 1964 677 -

349 704 449 763 Nil
479 707 629 763 intra
656 717 744 763 est
769 707 973 778 oleam,
1003 708 1082 764 nil
1109 718 1267 764 extra
1292 720 1380 764 est
1406 708 1465 765 in
1493 727 1664 779 nuce,
1692 709 1836 765 duri.

351 785 633 842 Venimus
661 785 733 840 ad
761 802 1046 841 summum
1075 786 1344 842 fortunae:
1385 787 1673 862 pingimus
1700 797 1866 862 atque

353 862 655 920 Psallimus
680 873 739 919 et
767 863 1045 919 luctamur
1076 864 1315 920 Achivis
1341 864 1567 922 doctius
1593 865 1799 923 unctis.

353 941 416 998 Si
445 941 681 997 meliora
708 941 850 1012 dies,
880 951 943 997 ut
969 940 1118 1013 vina,
1144 946 1408 1016 poemata
1430 943 1634 1015 reddit,

354 1020 515 1076 Scire
544 1020 713 1075 velim
740 1019 985 1093 pretium
1013 1020 1222 1076 chartis
1247 1032 1452 1094 quotus
1479 1032 1701 1096 arroget
1727 1040 1925 1079 annus.

354 1098 607 1172 Scriptor
635 1097 845 1153 abhinc
872 1116 1050 1155 annos
1076 1110 1307 1154 centum
1336 1100 1433 1172 qui
1460 1100 1692 1165 decidit,
1721 1099 1868 1156 inter

351 1175 644 1232 Perfectus
671 1186 996 1250 veteresque
1024 1177 1219 1232 referri
1247 1177 1436 1246 debet,
1466 1195 1539 1232 an
1568 1177 1713 1233 inter

350 1254 511 1311 Viles
539 1265 706 1327 atque
733 1256 945 1311 novos?
984 1254 1252 1310 excludat
1272 1254 1460 1328 jurgia
1487 1253 1714 1310 finis.—

351 1331 455 1389 Est
480 1343 645 1389 vetus
673 1342 840 1406 atque
866 1332 1092 1406 probuS,
1121 1343 1352 1395 centum
1381 1332 1477 1405 qui
1505 1332 1724 1407 perficit
1750 1350 2027 1391 annos,—

350 1410 536 1482 Quid,
563 1410 660 1484 qui
688 1411 927 1485 deperiit
954 1410 1138 1466 minor
1165 1429 1281 1466 uno
1309 1429 1524 1481 mense,
1552 1410 1638 1466 vel
1668 1429 1837 1483 anne,

353 1486 509 1546 Inter
536 1507 682 1563 quos
708 1488 1038 1545 referendus
1063 1489 1212 1545 erit'l
1255 1500 1548 1545 veteresne
1574 1493 1790 1563 poetae,

353 1568 449 1623 An
475 1585 618 1641 quos
644 1578 702 1623 et
727 1580 975 1641 praesens
1003 1577 1061 1623 et
1086 1577 1306 1642 postera
1333 1578 1560 1642 respuet
1587 1578 1722 1625 aetas
1737 1570 1842 1624 'l—

353 1644 468 1715 Iste
494 1645 727 1720 quidem
756 1656 970 1702 veteres
996 1646 1141 1702 inter
1168 1658 1408 1721 ponetur
1438 1645 1696 1718 honeste,

351 1724 474 1786 Qui
504 1725 591 1781 vel
621 1743 819 1780 mense
847 1724 999 1780 brevi
1028 1724 1112 1781 vel
1141 1735 1256 1782 toto
1281 1736 1369 1781 est
1383 1725 1574 1800 junior
1603 1744 1851 1782 anno.—

353 1802 492 1860 Utor
518 1802 812 1877 permissu,
841 1803 1149 1878 caudaeque
1176 1803 1319 1878 pilos
1345 1813 1409 1859 ut
1434 1803 1657 1877 equinae

353 1880 632 1938 Paulatim
662 1882 823 1952 velle,
853 1893 910 1938 et
935 1882 1110 1948 demo,
1131 1901 1327 1953 unum,
1357 1883 1525 1939 demo
1549 1882 1720 1938 etiam
1749 1900 1955 1950 unum;

353 1958 509 2016 Dum
538 1961 725 2031 cadat,
753 1960 943 2016 elusus
972 1960 1187 2019 ratione
1214 1960 1432 2016 ruentis
1458 1960 1665 2031 acervi,

351 2037 477 2099 Qui
506 2039 652 2095 redit
680 2040 750 2094 ad
781 2040 973 2109 samoe,
1001 2049 1060 2095 et
1084 2037 1348 2094 virtutem
1378 2039 1616 2094 aestimat
1643 2038 1827 2109 anniS,

354 2114 708 2193 Miraturque
734 2117 877 2175 nihil
906 2116 1018 2174 nisi
1043 2117 1194 2191 quod
1221 2114 1474 2174 Libitina
1501 2117 1755 2175 sacravit.

431 2195 678 2268 Ennius»,
705 2207 764 2254 et
789 2196 1015 2272 sapiens
1041 2207 1099 2253 et
1127 2196 1300 2267 fortiS,
1330 2206 1387 2253 et
1414 2196 1552 2253 alter
1583 2196 1887 2268 Homerus,

342 2271 433 2350 *Ut
459 2276 644 2333 critici
672 2276 892 2347 dicunt,
919 2275 1115 2332 leviter
1143 2293 1344 2332 curare
1371 2274 1591 2332 videtur

350 2351 493 2414 Qu&
503 2355 796 2444 ‘promissa
822 2354 1030 2411 cadant
1055 2364 1114 2411 et
1140 2354 1363 2411 somnia
1388 2348 1757 2430 Pythagorea.

354 2430 413 2487 N
417 2450 589 2489 aevius
610 2433 667 2490 in
699 2433 960 2489 manibus
988 2451 1100 2490 non
1129 2443 1233 2503 est,
1260 2444 1319 2489 et
1346 2433 1631 2489 mentibus
1658 2434 1835 2490 haeret

355 2508 512 2567 Pene
540 2530 762 2583 recens,
793 2509 936 2568 adet}
964 2521 1224 2570 sanctum
1252 2521 1342 2567 est
1368 2523 1527 2567 vetus
1553 2528 1721 2567 omne
1747 2513 1968 2585 poema.

354 2588 683 2662 Ambigitur
709 2590 928 2661 quoties
955 2600 1080 2648 uter
1108 2601 1234 2644 utro
1261 2590 1334 2645 sit
1360 2588 1530 2658 prior,
1562 2588 1744 2643 aufert

351 2661 637 2721 Pacuvius
665 2664 818 2720 docti
847 2663 1054 2719 famam
1083 2663 1255 2733 senia,
1285 2662 1493 2717 Actius
1520 2662 1649 2729 alti3

355 2741 582 2801 Dicitur
610 2741 815 2799 Afrani
842 2752 973 2816 toga
1001 2741 1335 2797 convenisse
1363 2738 1715 2809 Menandr03

356 2821 589 2880 Plautus
616 2822 687 2877 ad
715 2820 998 2895 exemplar
1027 2819 1208 2876 Siculi
1232 2837 1534 2893 properare
1559 2817 1916 2894 Epicharmi3

356 2900 606 2957 Vincere
635 2898 903 2956 Caecilius
930 2898 1222 2973 gravitate,
1252 2896 1562 2954 Terentius
1590 2907 1725 2955 arte.

358 2977 484 3036 Hos
508 2979 733 3049 ediscit,
761 2988 819 3034 et
847 2979 948 3034 hos
975 2988 1131 3034 arcto
1159 2977 1363 3052 stipata
1389 2978 1610 3035 theatro

358 3053 592 3131 Spectat
618 3057 809 3115 Roma
835 3067 1065 3130 potens;
1111 3056 1279 3112 habet
1307 3057 1410 3112 hos
1437 3067 1807 3131 numeratque
1832 3059 2034 3132 poetas

357 3135 453 3192 Ad
480 3146 739 3192 nostrum
766 3147 991 3209 tempus
1019 3133 1146 3190 Livi
1175 3134 1462 3207 scriptoris
1490 3136 1561 3191 ab
1589 3154 1722 3193 aevo.

358 3211 655 3271 Interdum
685 3213 885 3288 vulgus
914 3223 1134 3268 rectum
1164 3211 1347 3280 videt,
1335 3231 1347 3243 ·
1389 3223 1476 3270 est
1503 3214 1599 3270 ubi
1624 3224 1841 3289 peccat.

358 3292 422 3348 Si
450 3304 668 3349 veteres
696 3293 774 3349 ita
801 3291 1036 3348 miratur
1063 3290 1365 3365 laudatque
1393 3295 1610 3367 poetaS,

356 3368 434 3428 Ut
461 3370 602 3427 nihil
626 3370 919 3441 anteferat,
948 3370 1090 3427 nihil
1119 3370 1228 3427 illis
1255 3382 1563 3445 comparet,
1590 3380 1776 3425 errat:

358 3445 423 3505 Si
449 3450 708 3523 quaedam
738 3448 906 3506 nimis
934 3446 1185 3523 antique,
1214 3449 1261 3503 si
1290 3448 1557 3522 pleraque
1584 3443 1727 3508 dure

356 3525 566 3584 Dicere
593 3528 746 3585 cedit
771 3546 887 3600 eoa,
912 3524 1115 3603 ignave
1144 3526 1323 3581 multa
1351 3525 1575 3594 fatetur,

355 3604 432 3662 Et
458 3606 623 3681 sapit,
651 3616 709 3663 et
735 3624 962 3662 mecum
991 3604 1144 3674 facit,
1172 3613 1231 3659 et
1257 3602 1399 3658 Jove
1421 3601 1641 3676 judicat
1668 3617 1843 3677 aequo.

354 3682 492 3742 Non
520 3685 784 3759 equidem
812 3683 1078 3754 insector,
1107 3649 1421 3738 delendave
1449 3680 1703 3737 carmina
1731 3677 1857 3736 Livi

356 3761 501 3820 Esse
527 3779 674 3835 reor,
703 3762 941 3819 memini
966 3780 1092 3837 quae
1117 3760 1411 3836 plagosum
1441 3758 1582 3816 mihi
1609 3777 1781 3835 parvo

352 3840 649 3899 Orbilium·
669 3842 925 3911 dictare;
967 3840 1069 3898 sed
1095 3839 1397 3898 emendata
1423 3837 1621 3911 videri,

2168 1411 2305 1468 40.

2172 3760 2253 3817 70
