2621 4297
1034 318 1164 369 Ans
1196 318 1509 371 POETICA.

429 463 735 523 AEmilium
761 462 919 521 cirea
943 462 1142 521 ludum
1171 464 1328 521 faber
1354 463 1505 522 imus
1530 475 1589 524 et
1615 484 1654 523 u

352 543 650 620 Exprimet
678 554 737 600 et
762 543 962 619 molles
988 543 1299 601 imitabitur
1328 560 1439 601 aere
1466 546 1731 621 capillos;

352 622 560 681 Infelix
585 623 775 699 operis
797 623 1039 693 summa,
1067 622 1200 698 quia
1225 642 1438 698 ponere
1465 635 1645 682 totum

353 702 593 761 Nesciet
618 722 630 758 :
673 703 830 758 huuc
858 718 967 776 ego
993 720 1105 772 me,
1135 701 1182 758 si
1208 700 1345 775 quid
1376 722 1719 779 componere
1746 722 1966 780 curem,

353 779 491 839 Non
518 778 707 857 magis
731 799 857 838 esse
885 779 1073 852 velim,
1103 778 1272 855 quam
1300 799 1473 855 pravo
1500 783 1685 841 vivere
1715 803 1874 859 nam,

355 861 746 937 Spectandum
773 859 951 935 nigris
976 860 1178 931 oculiS‚
1207 859 1479 936 nigroque
1507 863 1725 939 capillo.

433 940 660 996 Sumite
688 937 984 995 materiam
1015 940 1230 1011 vestriS,
1258 941 1357 1014 qui
1386 941 1647 1014 scribitis,
1680 958 1899 1019 requam
1977 990 1982 993 .

355 1020 647 1087 Viribus;=
667 1029 726 1074 et
749 1031 964 1074 versate
992 1018 1091 1074 diu
1118 1019 1253 1092 quid
1283 1020 1428 1076 ferre
1456 1031 1740 1093 recusent,

350 1099 515 1161 Quid
544 1098 771 1154 valeant
797 1097 1049 1154 humeri:
1093 1097 1189 1153 cui
1217 1097 1368 1155 lecta
1388 1110 1650 1173 potenter
1680 1102 1787 1158 erit
1812 1120 1924 1176 res,

352 1176 484 1235 Nec
512 1177 783 1234 facundia
810 1177 1032 1233 deseret
1059 1177 1235 1247 hunc,
1264 1196 1375 1233 nec
1403 1179 1628 1235 lucidus
1653 1180 1807 1237 ordo.

431 1256 674 1314 Ordinis
703 1258 825 1312 haec
853 1255 1027 1312 virtus
1053 1255 1161 1312 erit
1188 1267 1245 1312 et
1273 1275 1470 1327 venue,
1501 1268 1599 1314 aut
1625 1277 1733 1333 ego
1763 1258 1941 1333 fallor,

354 1335 433 1393 Ut
454 1336 573 1414 jam
604 1355 761 1392 nunc
791 1335 962 1405 dicat,
985 1334 1104 1410 jam
1135 1352 1293 1391 nunc
1322 1336 1590 1393 debentia
1616 1338 1733 1394 dici

356 1416 633 1491 Pleraque
660 1412 901 1485 differat,
931 1426 989 1470 et
1014 1433 1265 1489 praesens
1294 1415 1354 1470 in
1382 1426 1606 1491 tempus
1631 1417 1868 1475 omittat.

435 1495 509 1551 In
538 1493 725 1551 verbis
749 1494 921 1549 etiam
949 1492 1138 1549 tenuis
1165 1505 1479 1568 cautusque
1507 1496 1780 1569 serendiS,

356 1572 488 1632 Hoc
517 1584 689 1645 amet,
718 1574 829 1630 hoc
856 1584 1085 1647 spernat
1110 1574 1370 1648 promissi
1399 1574 1668 1631 carminis
1692 1579 1911 1634 auctor.

354 1653 585 1711 Dixeris
610 1648 864 1728 egregie,
895 1662 1087 1709 notum
1118 1651 1166 1707 si
1193 1653 1400 1709 callida
1421 1654 1654 1710 verbum

354 1732 700 1792 Reddiderit
721 1730 989 1806 junctura
1016 1749 1241 1787 novum.
1327 1733 1391 1788 Si
1419 1730 1559 1789 forte
1592 1752 1826 1791 necesse
1853 1745 1941 1793 est

355 1810 597 1870 Indiciis
625 1822 937 1867 monstrare
965 1810 1290 1867 recentibus
1319 1811 1510 1867 abdita
1535 1830 1745 1885 rerum,

356 1891 606 1968 Fingere
633 1890 904 1948 cinctutis
931 1908 1045 1947 non
1074 1890 1343 1946 exaudita
1369 1889 1642 1965 Cethegis

354 1970 697 2046 Continget:
739 1969 1075 2043 dabiturque
1101 1969 1338 2025 licentia
1364 1979 1588 2043 sumpta
1606 1970 1885 2044 pudenter
1910 1989 1925 2027 :

357 2049 432 2108 Et
457 2069 605 2108 nova
633 2048 875 2123 fictaque
903 2066 1085 2123 nuper
1115 2047 1408 2103 habebunt
1436 2048 1605 2105 rerba
1632 2047 1825 2119 fidem,
1849 2049 1898 2105 si

355 2131 563 2189 Graeco
591 2129 745 2187 fonte
771 2128 999 2198 cadant,
1024 2123 1194 2201 parce
1225 2126 1459 2184 detorta.
1541 2125 1705 2187 Quid
1736 2138 1928 2186 autem

357 2209 595 2267 Caecilio
621 2208 932 2282 Plautoque
962 2206 1118 2264 dabit
1147 2205 1449 2263 Romanus
1476 2206 1802 2282 ademptum

358 2288 601 2365 Virgilio
631 2287 953 2361 Varioque?
993 2305 1103 2362 ego
1129 2304 1252 2357 cur,
1282 2287 1575 2360 acquirere
1596 2305 1782 2361 pauca
1821 2337 1838 2350 ,

360 2368 424 2426 Si
450 2385 701 2444 possum,
728 2366 1001 2436 invideor,
1028 2383 1203 2439 quum
1231 2366 1428 2440 lingua
1454 2365 1691 2422 Catonis
1717 2377 1775 2423 et
1803 2364 1960 2425 Enni

360 2448 695 2506 Sermonem
723 2445 966 2519 patrium
994 2444 1272 2515 ditaverit,
1301 2455 1361 2500 et
1386 2461 1532 2500 nova
1558 2462 1748 2501 rerum

356 2525 616 2584 Nomina
640 2523 973 2600 protulerit?
1052 2523 1247 2579 Licuit
1272 2541 1604 2597 semperque
1630 2523 1826 2581 licebit

360 2607 662 2682 Signatum
689 2614 967 2678 praesente
994 2604 1131 2660 nota
1157 2602 1471 2677 producere
1500 2619 1727 2658 nomen.

360 2684 434 2744 Ut
461 2685 618 2741 silvae
647 2683 794 2739 soliis
820 2701 1028 2757 pronos
1056 2692 1347 2738 mutantur
1375 2681 1434 2737 in
1464 2697 1663 2751 annos,

360 2762 552 2823 Prima
578 2763 825 2831 cadunt3
868 2761 946 2818 ita
973 2761 1270 2818 verborum
1301 2770 1461 2816 vetus
1491 2759 1680 2816 interit
1707 2768 1861 2832 aetas,

360 2843 436 2902 Et
456 2844 733 2919 juvenum
759 2840 869 2898 ritu
897 2838 1099 2898 florent
1128 2837 1297 2896 modo
1328 2849 1479 2910 nata,
1504 2839 1822 2914 vigentque.

361 2922 653 2981 Debemur
680 2920 850 2978 morti
877 2938 981 2977 nos
1009 2931 1342 2992 nostraque3
1387 2919 1502 2974 sive
1525 2929 1787 2994 receptus

362 3001 547 3060 Terra
577 2999 885 3074 Neptunus
912 2999 1124 3055 classes
1152 2998 1533 3072 Aquilonibus
1560 3008 1734 3068 arcet,

362 3080 546 3157 Regis
571 3095 746 3155 opus3
790 3078 1104 3151 sterilisque
1132 3078 1231 3133 diu
1258 3077 1442 3152 palus,
1471 3088 1710 3153 aptaque
1738 3076 1928 3149 remis,

361 3160 600 3219 vicinas
627 3158 795 3215 urbes
822 3157 920 3213 alit
947 3170 1005 3213 et
1030 3175 1199 3231 grave
1227 3156 1399 3213 sentit
1424 3169 1669 3214 aratrum
1694 3177 1708 3227 ;
1763 3199 1769 3204 .

363 3241 481 3299 Seu
510 3256 741 3296 cursum
771 3236 1008 3294 mutavit
1034 3236 1292 3310 iniquum
1324 3235 1580 3311 frugibus
1608 3237 1811 3308 amnia,

360 3317 583 3377 Doctus
609 3317 715 3373 iter
742 3315 964 3372 melius.
1046 3313 1314 3372 Mortalia
1340 3315 1488 3371 facta
1514 3316 1811 3391 peribunt;

362 3397 598 3457 Nedum
627 3413 952 3452 sermonum
982 3406 1088 3452 stet
1119 3397 1323 3466 honoS,
1352 3404 1410 3451 et
1436 3395 1617 3468 gratia
1646 3393 1823 3448 vivax.

365 3476 550 3536 Multa
576 3485 947 3532 renascentur
975 3492 1099 3554 quae
1122 3474 1239 3548 jam
1268 3472 1555 3543 cecidere,
1584 3471 1905 3544 cadentque

360 3556 517 3619 Quae
546 3573 704 3612 nunc
732 3565 863 3610 sunt
893 3552 952 3610 in
982 3554 1214 3622 honore,
1244 3549 1537 3619 vocabula,
1566 3549 1614 3605 si
1642 3548 1790 3605 volet
1816 3566 1973 3620 usus,

359 3636 559 3698 Quem
587 3651 765 3710 penes
792 3632 1088 3689 arbitrium
1114 3643 1202 3686 est
1227 3640 1286 3685 et
1305 3629 1403 3708 jus
1429 3639 1486 3685 et
1514 3646 1712 3684 norma
1738 3625 2022 3702 loquendi.

443 3714 570 3772 Res
595 3723 771 3789 gestae
799 3729 1110 3787 regumque
1139 3710 1462 3783 ducumque
1512 3718 1570 3767 et
1593 3707 1775 3766 tristia
1802 3705 1952 3762 bella

359 3793 504 3856 Quo
530 3791 703 3850 scribi
729 3801 962 3866 possent
982 3807 1234 3859 numero,
1247 3786 1579 3845 monstravit
1607 3787 1911 3845 Homeruss

442 3871 726 3931 Versibus
752 3868 1040 3946 impar-iter
1060 3868 1277 3945 junet'ae
1303 3867 1659 3943 ‹perimonia
1678 3862 1952 3943 primm,

2179 1106 2259 1162 ¹10

2187 3459 2266 3525 70

2184 3863 2270 3921 75
