2621 4297
335 345 417 403 92
983 340 1048 398 Q.
1084 340 1380 390 nomm
1414 340 1662 392 FLAccl

418 483 536 541 Sed
564 492 758 541 tamen
786 493 975 541 amoto
1000 502 1320 559 quaeramus
1346 484 1494 542 seria
1520 484 1671 542 ludo.

414 561 521 620 Ille
549 580 776 637 gravem
807 562 949 619 duro
975 573 1181 620 terram
1209 563 1305 637 qui
1335 564 1498 620 vertit
1524 574 1728 635 arati-0,

413 640 673 699 Perfidus
700 640 796 697 hic
824 659 1027 716 caupo,
1056 641 1237 710 mileS‚
1267 654 1567 716 nautaeque
1595 661 1694 717 per
1720 658 1893 697 omne

414 719 688 778 Audaces
716 738 871 776 mare
899 720 995 794 qui
1024 730 1280 791 currunt,
1310 720 1421 776 hac
1448 731 1640 777 mente
1669 719 1922 777 laborem
2245 717 2325 776 30

415 799 557 856 Sese
587 798 753 869 serre,
782 817 950 855 senes
978 809 1039 855 ut
1067 799 1126 855 in
1153 799 1269 856 otia
1297 810 1420 855 tuta
1448 800 1740 870 recedant,

413 876 619 947 Aiunt,
644 895 819 952 quum
849 877 956 935 sibi
986 877 1100 934 sint
1126 889 1399 953 congesta
1420 877 1668 935 cibaria:
1711 877 1860 933 sicut

410 954 671 1029 Parvula,
700 975 832 1013 narn
854 957 1112 1032 exemplo
1139 967 1243 1028 est,
1272 957 1467 1032 magni
1496 957 1729 1014 formica
1756 951 1966 1012 laboris

410 1033 532 1093 Ore
560 1035 737 1092 trahit
763 1036 1141 1111 quodcunque
1169 1047 1374 1111 potest,
1403 1047 1570 1110 atque
1599 1036 1757 1092 addit
1783 1051 1985 1091 acervo

411 1112 609 1176 Quem
638 1114 821 1185 struit,
850 1115 1002 1171 haud
1032 1115 1229 1190 ignara
1257 1121 1330 1172 ac'
1354 1134 1468 1172 non
1501 1115 1730 1172 incauta
1758 1114 1948 1171 futuri.
2246 1111 2325 1170 35

410 1192 587 1265 Quoe,
616 1193 786 1250 simul
815 1193 1102 1251 inversum
1131 1195 1429 1252 contristat
1457 1194 1744 1269 Aquarius
1771 1209 2006 1264 annum,
2279 1205 2287 1212 ⁴

413 1269 549 1329 Non
579 1291 816 1347 usquam
844 1273 1111 1349 prorepit,
1140 1284 1198 1330 et
1220 1273 1330 1329 illis
1358 1273 1532 1330 utitur
1561 1270 1694 1330 ante

410 1348 693 1412 Quaesitis
721 1352 984 1427 sapiens:
1026 1370 1202 1424 quum
1229 1362 1285 1407 te
1314 1370 1499 1425 neque
1529 1352 1777 1408 fervidus
1811 1360 1979 1407 aestus

409 1427 710 1486 Dimoveat
737 1429 916 1501 lucro,
945 1447 1129 1503 neque
1159 1429 1360 1498 hiemS,
1392 1430 1560 1503 igniS,
1589 1447 1767 1500 mare,
1798 1429 2042 1498 ferrum3
2335 1485 2342 1492 ,

409 1504 512 1563 Nil
540 1507 724 1564 obstet
750 1507 872 1578 tibi,
901 1506 1037 1562 dum
1067 1526 1140 1562 ne
1167 1507 1240 1562 sit
1266 1517 1322 1564 te
1352 1506 1519 1563 ditior
1547 1507 1702 1563 alter.
2039 1571 2047 1578 ‚
2243 1503 2322 1561 4⁰

408 1583 575 1647 Quid
598 1585 760 1661 juvat
788 1585 1141 1641 immensum
1158 1595 1214 1642 te
1243 1585 1465 1660 argenti
1493 1585 1717 1661 pondus
1744 1596 1803 1644 et
1823 1584 1945 1641 auri

409 1661 634 1720 Furtim
660 1662 886 1721 defossa
906 1663 1168 1720 timidum
1198 1664 1484 1739 deponere
1511 1664 1662 1722 terra
1673 1664 1779 1720 'l—

406 1740 607 1813 Quod,
650 1742 698 1801 si
727 1743 1104 1815 comminuaS‚
1133 1742 1303 1800 vilem
1332 1744 1621 1819 redigatur
1649 1743 1722 1800 ad
1750 1759 2036 1800 assem.—

408 1820 509 1892 At,
538 1821 598 1878 ni
629 1822 685 1879 id
714 1822 794 1894 fit,
823 1822 959 1896 quid
989 1822 1160 1880 habet
1184 1822 1410 1898 pulchri
1439 1833 1799 1881 constructus
1827 1821 2109 1879 acervus?

408 1897 598 1958 Millia
625 1901 896 1959 fiumenti
923 1912 1022 1958 tua
1048 1902 1263 1959 triverit
1290 1920 1423 1960 area
1450 1913 1716 1971 centum3
2240 1898 2321 1957 45

409 1978 544 2039 Non
571 1990 705 2039 tuus
732 1981 842 2039 hoc
870 1981 1056 2057 capiet
1084 1992 1278 2039 venter
1305 1981 1433 2057 plus
1459 1979 1630 2056 quam
1658 1998 1852 2038 meus:
1894 1989 1978 2051 ut,
2005 1978 2054 2037 si

408 2058 747 2117 Reticulum
776 2061 944 2137 panis
972 2061 1198 2118 venales
1229 2060 1376 2118 inter
1395 2072 1608 2129 *onusto

407 2136 583 2197 Forte
613 2142 787 2198 vehas
817 2142 1073 2211 humero,
1103 2140 1284 2198 nihilo
1314 2140 1441 2215 plus
1469 2139 1718 2215 accipias
1744 2136 1916 2214 quam

411 2218 538 2283 Qui
566 2219 647 2276 nil
675 2219 928 2294 portarit.
998 2219 1108 2274 Vel
1137 2219 1252 2288 dic,
1280 2219 1415 2291 quid
1445 2219 1650 2275 referat
1678 2218 1825 2275 intra

406 2295 644 2354 Naturae
673 2296 818 2352 fines
847 2295 1075 2365 viventi,
1097 2295 1301 2371 jugera
1328 2306 1581 2368 centurn,
1611 2315 1684 2353 an
2238 2295 2320 2353 50

406 2373 570 2431 Mille
598 2385 719 2432 aret
733 2375 922 2430 ‘l—At
948 2382 1120 2431 sua‘ve
1147 2386 1233 2432 est
1260 2394 1333 2432 ex
1360 2393 1569 2452 magno
1594 2375 1791 2433 tollere
1818 2392 2120 2432 acervo.—

405 2452 561 2510 Dum
589 2472 662 2510 ex
687 2472 859 2530 parvo
884 2453 1049 2511 nobis
1075 2456 1412 2512 tantundem
1443 2456 1669 2513 haurire
1696 2454 2000 2530 relinquas,

382 2532 527 2605 ⁷Cur
552 2542 652 2590 tua
678 2530 808 2609 plus
835 2533 1033 2591 laudes
1062 2534 1312 2591 cumeris
1338 2535 1601 2610 granaria
1627 2533 1873 2592 nostris?

405 2609 502 2684 Ut,
530 2612 634 2670 tibi
663 2613 710 2670 si
739 2613 980 2691 sit'opus
1006 2613 1203 2688 liquidi
1232 2633 1348 2671 non
1378 2615 1620 2690 amplius
1647 2613 1813 2685 urna,

404 2690 514 2749 Vel
541 2694 767 2766 cyatho,
797 2703 856 2750 et
883 2693 1075 2750 dicas:
1125 2697 1161 2723 “
1187 2691 1406 2769 Magno
1433 2694 1505 2750 de
1533 2692 1767 2751 flumine
1788 2689 2036 2762 mallem,
2234 2689 2315 2746 55

401 2766 603 2831 Quam
630 2790 702 2828 ex
730 2773 839 2828 hoc
868 2771 1139 2829 fonticulo
1164 2773 1505 2829 tantundem
1533 2771 1813 2829 sumere.’'
1897 2765 1987 2827 Εό
2015 2766 2079 2828 fit

403 2846 638 2905 Plenior
666 2861 728 2907 ut
756 2850 802 2906 si
830 2869 971 2924 quos
999 2851 1244 2907 delectet
1271 2851 1438 2924 copia
1456 2849 1629 2923 just0‚
1703 2892 1720 2898 -

403 2925 556 2983 Cum
585 2926 709 3002 ripa
736 2928 901 2983 simul
931 2927 1152 2984 avulsos
1181 2928 1324 2983 ferat
1352 2927 1598 2983 Aufidus
1627 2945 1786 2983 acer:

405 3004 489 3062 At
513 3004 607 3078 qui
636 3005 856 3062 tantulo
876 3016 1008 3078 eget
1034 3016 1243 3079 quanto
1270 3015 1358 3062 est
1383 3024 1543 3081 opuS,
1573 3006 1622 3063 is
1648 3024 1833 3080 neque
1861 3005 1998 3064 limo

402 3081 720 3140 Turbatam
752 3083 939 3140 haurit
966 3102 1187 3158 aquam,
1209 3103 1397 3160 neque
1426 3085 1596 3143 vitam
1625 3085 1829 3143 amittit
1857 3086 1915 3143 in
1946 3084 2131 3143 undis.
2230 3083 2311 3142 60

482 3160 566 3218 At
593 3162 742 3218 bona
768 3180 898 3238 pars
925 3162 1219 3223 hominum
1249 3165 1491 3239 decepta
1518 3165 1787 3241 cupidine
1818 3165 1975 3237 salso,

402 3243 442 3273 ‘⁸
465 3238 567 3298 Nil
592 3236 728 3298 satis
749 3241 893 3310 est,''
918 3241 1130 3315 inquit3
1162 3247 1197 3273 “
1220 3243 1355 3317 quia
1371 3254 1532 3315 tanti,
1555 3256 1828 3319 quantum
1855 3245 2086 3316 habeas,
2108 3240 2243 3300 sis,'’

398 3316 564 3383 Quid
593 3319 768 3378 facias
796 3320 916 3378 illi'l
950 3320 1153 3396 jubeas
1179 3322 1448 3379 miserum
1479 3341 1625 3397 esse,
1651 3323 1893 3380 libenter

398 3397 712 3461 Quatenus
740 3401 798 3458 id
828 3399 996 3457 facit:
1039 3410 1102 3457 ut
1127 3400 1358 3475 quidam
1386 3413 1730 3460 memoratur
1750 3401 2028 3474 Athenis,

401 3476 680 3536 Sordidus
707 3499 777 3537 ac
804 3480 981 3552 dives,
1009 3479 1201 3556 populi
1229 3491 1595 3548 contemnere
1622 3501 1792 3540 voces
2018 3550 2022 3555 .
2224 3479 2306 3538 65

403 3554 505 3612 Sic
532 3556 761 3614 solitus:
806 3563 843 3589 “
863 3558 1114 3634 Populus
1142 3579 1234 3619 me
1263 3559 1483 3630 sibilat3
1526 3574 1584 3620 at
1613 3561 1752 3619 mibi
1779 3560 1988 3636 plaudo

401 3629 535 3765 'Ilpse
563 3633 737 3706 domi,
767 3636 935 3692 simul
964 3655 1034 3692 ac
1061 3656 1328 3698 nummos
1355 3640 1705 3714 contemplor
1732 3640 1794 3696 in
1821 3639 2012 3698 arcass’

376 3774 383 3779 .
463 3710 685 3766 antalus
712 3731 746 3768 a
775 3712 947 3770 labris
968 3713 1166 3770 sitiens
1194 3715 1472 3790 fiigientia
1498 3727 1689 3790 captat

402 3781 688 3842 Flumina.
755 3788 918 3850 Quid
949 3789 1142 3846 rides'l
1181 3803 1399 3850 mutato
1426 3793 1658 3850 nomine
1685 3795 1757 3852 de
1784 3806 1841 3855 te

402 3858 627 3919 Fabula
651 3875 942 3924 narratur:
983 3868 1271 3944 congestis
1296 3870 1551 3944 undique
1578 3872 1763 3931 saccis
2224 3869 2304 3928 7⁰
