2621 4297
924 315 1336 368 SATIRARUM
1369 316 1502 368 LIB.
1537 317 1610 368 11.
1643 321 1691 368 Β.

374 460 604 520 Primus
630 470 690 518 et
716 460 975 517 invenior
1000 462 1161 536 piper
1189 462 1401 532 album,
1431 480 1567 518 cum
1595 461 1711 518 sale
1737 458 1906 538 nigro

375 539 695 610 incretum,
723 540 881 614 puris
907 540 1383 614 circumposuisse
1411 541 1635 597 catillis.

377 618 639 676 Immane
667 629 756 675 est
782 618 980 675 vitium
1007 618 1142 674 dare
1171 618 1349 674 millia
1374 631 1537 675 terna
1564 618 1823 690 macell0,

281 696 288 707 ⁴
376 699 756 772 Angustoque
784 715 955 771 vagos
981 696 1167 771 pisces
1196 713 1397 771 urgere
1426 697 1631 754 catino.

300 803 310 809 ·
378 775 595 851 Magna
621 786 812 831 movet
837 776 1130 831 stomacho
1158 775 1400 847 fastidia,
1429 795 1531 832 seu
1558 794 1699 852 puer
1725 773 1916 832 unctis

377 853 675 912 Tractavit
702 854 944 910 calicem
971 854 1253 922 manibuS,
1282 854 1417 909 dum
1450 853 1595 910 furta
1635 853 1894 929 ligurrit;

377 933 512 991 Sive
537 933 727 1007 gravis
753 933 929 989 veteri
957 944 1189 989 craterae
1218 932 1385 988 limus
1413 932 1664 989 adhaesit.

376 1012 604 1070 Vilibus
633 1011 692 1067 in
721 1011 927 1085 scopis,
956 1011 1016 1067 in
1045 1011 1280 1085 mappis,
1310 1011 1370 1066 in
1399 1011 1590 1081 scobe,
1618 1020 1862 1086 quantus

380 1089 661 1148 Consistit
688 1091 985 1164 sumptus?
1026 1090 1324 1164 neglectis,
1356 1089 1633 1164 flagitium
1662 1090 1883 1164 iugens·
1952 1116 1959 1125 =
1988 1120 1995 1125 ·

381 1167 533 1226 Ten'
564 1169 785 1243 lapides
812 1167 995 1225 varios
1022 1168 1302 1224 lutulenta
1331 1169 1528 1223 radere
1557 1168 1767 1242 palma,

378 1248 455 1305 Et
481 1247 693 1323 Tyrias
721 1248 856 1304 dare
879 1248 1097 1303 circum
1128 1247 1282 1304 illota
1308 1245 1508 1303 toralia
1535 1258 1737 1318 vestes,

378 1326 639 1383 Oblitum
667 1323 880 1401 quanto
908 1344 1107 1382 curam
1136 1336 1535 1400 sumptumque
1564 1325 1841 1381 minorem

380 1405 527 1463 Haec
554 1406 824 1475 habeant,
852 1402 1011 1461 tanto
1039 1402 1308 1479 reprendi
1330 1401 1542 1478 justius
1570 1402 1681 1460 illis

377 1484 530 1547 Quae
556 1485 672 1542 nisi
702 1483 969 1541 divitibus
994 1494 1280 1558 nequeant
1307 1482 1640 1559 contingere
1668 1480 1926 1540 mensis?

1146 1651 1436 1686 nolumus-

382 1741 563 1798 Docte
591 1739 747 1810 Cati,
775 1756 875 1813 per
901 1737 1207 1795 amicitiam
1236 1739 1505 1812 divosque
1531 1747 1781 1814 rogatus,

381 1819 608 1878 Ducere
635 1836 730 1874 me
759 1817 1034 1887 auditum,
1063 1835 1266 1892 perges
1291 1815 1656 1892 quocunque,
1686 1826 1988 1887 memento.

382 1898 555 1970 Nam,
580 1896 842 1972 quamvis
867 1897 1079 1953 referas
1107 1895 1343 1953 memori
1374 1896 1512 1952 mihi
1541 1906 1768 1971 pectore
1795 1904 2027 1966 cuncta,

382 1976 517 2035 Non
543 1989 739 2034 tamen
769 1975 1047 2049 interpres
1073 1975 1409 2031 tantundem
1434 1975 1679 2048 juveris:
1722 1975 1869 2030 adde

380 2056 620 2114 Vultum
663 2055 1032 2127 habitumque
1060 2053 1338 2119 hominis;
1381 2070 1550 2126 quem
1577 2063 1638 2108 tu
1667 2051 1873 2108 vidisse
1901 2051 2100 2109 beatu

383 2135 515 2194 Non
543 2133 739 2210 magni
759 2132 984 2209 pendiS‚
1011 2131 1145 2207 quia
1171 2129 1438 2207 contigit:
1481 2141 1538 2188 at
1565 2129 1705 2187 mihi
1732 2147 1872 2188 cura

382 2213 516 2272 Non
546 2214 851 2271 mediocris
880 2212 1047 2283 inest,
1077 2211 1260 2267 fontes
1302 2221 1364 2267 ut
1384 2211 1538 2266 adire
1566 2220 1811 2268 remotos

384 2292 573 2370 Atque
600 2293 828 2351 haurire
854 2308 1057 2366 queam
1087 2290 1216 2347 vitae
1242 2300 1529 2366 praecepta
1556 2289 1752 2347 bcatae.

1097 2680 1414 2740 SATIRA
1443 2679 1518 2740 V.
1606 2719 1619 2730 ,

1176 2867 1414 2901 uLYssns.

381 2982 516 3043 Hoc
541 2999 784 3057 quoque,
813 2976 1060 3047 Tiresia,
1089 2984 1290 3052 praeter
1319 2983 1562 3045 narrata,
1591 2972 1806 3048 petenti

384 3061 716 3136 Responde,
743 3058 949 3132 quibus
976 3056 1210 3113 amissas
1235 3073 1495 3129 reparare
1522 3070 1725 3128 queam
1752 3071 1845 3113 res

384 3141 623 3199 Artibus
646 3149 818 3213 atque
845 3135 1044 3195 modis.
1123 3133 1288 3195 Quid
1316 3133 1506 3190 rides?

1164 3299 1428 3333 nnnsus.

1612 3382 1649 3438 J
1653 3400 1823 3440 amne
1849 3379 2044 3439 doloso

378 3471 517 3532 Non
543 3468 681 3529 satis
706 3479 795 3528 est
819 3468 1077 3527 Ithacam
1105 3465 1318 3536 revehi,
1345 3464 1665 3539 patriosque
1692 3459 1940 3517 Penates

380 3550 698 3629 Aspicere?

1176 3686 1412 3722 ULYssm.

779 3781 836 3839 O
860 3779 1002 3838 nulli
1028 3776 1335 3854 quidquam
1370 3773 1626 3844 mentite,
1654 3772 1812 3829 vides
1837 3781 1901 3829 ut

382 3863 597 3925 Nudus
622 3864 897 3939 inopsque
923 3859 1157 3918 domum
1182 3854 1434 3927 redeam,
1454 3864 1513 3911 te
1539 3862 1697 3923 vate;
1737 3868 1922 3927 neque
1947 3850 2066 3911 illic

2174 321 2281 382 181

2207 540 2286 599 75

2201 1893 2283 1953 9⁰
