2621 4297
994 289 1059 347 Q.
1092 288 1387 340 nomm
1420 287 1671 340 mccl

654 429 1078 509 Thessalosque
1105 434 1270 510 ignes
1295 443 1357 491 et
1383 434 1579 512 iniqua
1604 431 1798 510 Trojae
1923 455 1936 464 “
2245 431 2324 494 16

973 511 1177 570 Castra
1203 512 1419 570 fefellit.
1661 547 1700 576 ..,

655 589 755 648 Τιι
779 590 905 667 pias
929 590 1074 648 laetis
1103 592 1323 648 animas
1349 590 1579 667 reponis

574 696 578 700 ⁴
623 683 631 694 '
657 669 926 742 Sedibus,
953 670 1221 746 virgaque
1248 670 1433 727 levem
1462 672 1699 727 coerces

654 746 855 807 Aurea
880 749 1124 822 turbam,
1154 749 1375 826 superis
1401 749 1642 807 deorum

966 827 1181 894 Gratus
1204 840 1264 887 et
1290 828 1437 886 imis.
1971 839 1978 842 ἢ
2237 823 2322 884 m

1179 1138 1351 1198 ODE
1376 1138 1456 1198 X.

1070 1277 1150 1317 An
1191 1258 1575 1317 Leuconoiin.

494 1376 597 1437 Tu
621 1395 698 1435 ne
725 1377 1036 1453 quoesieriS,
1064 1377 1211 1435 scire
1238 1377 1418 1442 nefa&
1446 1395 1614 1452 quem
1642 1376 1806 1449 mihi,
1830 1394 2001 1453 quem
2028 1375 2133 1436 tibi

493 1455 701 1515 Finem
727 1456 789 1514 di
817 1456 1098 1529 dederint,
1128 1456 1472 1525 Leucono&
1513 1474 1626 1513 nec
1654 1456 1997 1531 Babylonios

494 1534 770 1594 Tentiris
795 1554 1078 1593 numeros,
1162 1534 1238 1592 Ut
1265 1533 1491 1606 meliim,
1519 1536 1788 1611 quidquid
1818 1535 1944 1608 erit,
1972 1535 2119 1611 pati!

495 1614 615 1673 Seu
640 1615 832 1691 plures
862 1615 1098 1686 bieme8‚
1126 1632 1227 1671 seu
1254 1614 1451 1672 tribuit
1478 1612 1703 1688 Jupiter
1731 1614 2008 1687 ultimam,

492 1692 649 1755 Quae
677 1712 834 1751 nunc
859 1695 1130 1770 oppositis
1157 1693 1416 1751 debilitat
1434 1694 1757 1769 pumicibus
1783 1712 1940 1751 mare
2275 1693 2318 1753 5

493 1770 881 1849 Tyrrhenum.
966 1774 1185 1848 Sapias,
1214 1774 1347 1830 vina
1372 1773 1572 1848 liques,
1600 1783 1659 1830 et
1685 1773 1867 1849 spatio
1895 1771 2051 1829 brevi

495 1851 541 1909 S
613 1871 671 1909 m
700 1852 928 1929 longam
957 1871 1196 1910 reseces.
1281 1852 1438 1910 Dum
1465 1852 1768 1927 loquimur,
1797 1851 2006 1927 fugerit
2033 1850 2228 1908 invida

494 1870 676 1990 Agge
759 1930 948 2009 Carpe
975 1932 1150 2005 diem,
1176 1930 1350 2008 quam
1376 1928 1682 1990 minimum
1708 1931 1943 1990 credula
1965 1941 2207 2008 postem.

1159 2242 1334 2301 ODE
1371 2242 1481 2303 xl.

1096 2380 1178 2420 Al:
1205 2380 1548 2422 Aueus'rtm.

641 2480 841 2546 Quen
865 2480 1047 2540 virum
1075 2490 1174 2547 aut
1199 2480 1374 2539 heroa
1398 2481 1521 2557 lyra
1547 2481 1637 2540 vel
1664 2481 1785 2542 acri

643 2560 822 2621 Tibia
850 2561 1027 2619 sumis
1052 2560 1362 2632 celebrare,
1388 2560 1565 2620 Clio?

640 2640 841 2706 Quem
868 2642 1061 2712 deum,
1088 2639 1254 2716 cujus
1283 2640 1502 2700 recinet
1521 2640 1721 2718 Joeosa

958 2717 1187 2778 Nomen
1219 2719 1427 2795 image,

643 2800 769 2858 Aut
794 2799 855 2857 in
882 2800 1163 2857 umbrosis
1190 2798 1492 2855 Heliconis
1518 2798 1652 2869 oris,
2269 2799 2314 2860 6

644 2878 767 2937 Aut
793 2897 962 2954 super
988 2878 1193 2946 Pindo,
1221 2876 1481 2951 gelidove
1507 2876 1567 2932 in
1598 2875 1825 2950 Hieme,

641 2956 813 3018 Unde
839 2956 1092 3014 vocalem
1120 2952 1338 3012 temere
1367 2954 1640 3012 insecutae

958 3034 1193 3110 Orphea
1220 3033 1396 3105 silvie,

641 3115 787 3173 Arte
813 3113 1073 3171 materna
1098 3113 1333 3189 rapidos·
1351 3123 1664 3171 morantem
1999 3150 2006 3156 -

643 3192 975 3252 Fluminum
1004 3192 1212 3269 lapsae,
1243 3192 1570 3267 celeresque
1591 3203 1809 3266 ventos,
2236 3191 2313 3252 lo

642 3271 928 3332 Blandum
955 3281 1015 3331 et
1040 3273 1251 3329 auritas
1276 3271 1485 3329 fidibus
1511 3273 1736 3331 canoris

961 3351 1192 3409 Ducere
1219 3351 1505 3426 quercus?

640 3431 807 3494 Quid
832 3428 992 3509 prius
1017 3432 1207 3489 dicam
1236 3430 1415 3488 solitis
1442 3428 1703 3488 Parentis

644 3509 957 3582 Laudibus,
978 3513 1075 3589 qui
1102 3529 1193 3568 res
1220 3510 1517 3567 hominum
1543 3529 1612 3567 ac
1638 3511 1897 3581 deorum,

641 3587 770 3651 Qui
797 3606 954 3645 mare
981 3608 1052 3645 ac
1077 3601 1275 3660 terras,
1302 3590 1581 3663 variisque
1609 3588 1889 3645 mundum
2049 3614 2058 3621 ’
2237 3584 2316 3645 15

960 3665 1275 3741 Temperat
1300 3667 1492 3724 horis?

645 3743 818 3805 Unde
842 3744 924 3801 nil
953 3744 1135 3819 majus
1174 3754 1479 3819 generatur
1506 3743 1647 3819 ipm,

648 3822 782 3884 Nec
806 3823 959 3901 viget
982 3823 1293 3900 quidquam
1321 3822 1505 3882 simile
1531 3832 1631 3881 aut
1655 3820 2007 3883 seeundum:
