2621 4297
993 315 1055 372 Q.
1091 312 1385 365 HORATII
1416 314 1665 367 FLAOCI

501 453 629 514 Nos
653 468 846 514 manet
872 457 1146 515 Oceanus
1174 459 1392 517 circum
1420 478 1599 535 vagus
1626 479 1758 518 arva
1782 479 1795 516 :
1838 459 2004 519 beata

582 534 848 592 Petamus
875 555 1026 607 arva,
1055 536 1256 593 divites
1281 550 1341 594 et
1369 538 1602 610 insulas,
1895 544 1898 548 ’

502 611 723 671 Reddit
749 615 847 671 ubi
876 615 1145 671 Cererem
1176 616 1342 672 tellus
1370 617 1587 674 inarata
1612 617 1934 692 quotannis,

579 691 656 748 Et
681 692 954 768 imputata
981 692 1140 750 floret
1167 711 1346 768 usque
1373 695 1558 765 vinea,

499 769 798 829 Germinat
822 781 880 828 et
906 791 1196 846 nunquam
1228 774 1473 830 fallentis
1502 785 1710 830 termes
1735 775 1915 847 olivae,

578 848 866 925 Suamque
894 851 1050 925 pulla
1077 852 1219 908 ficus
1244 864 1409 908 ornat
1437 853 1713 924 arborem,

500 924 677 987 Mella
703 930 843 985 cava
872 932 1107 987 inanant
1132 950 1205 987 ex
1233 931 1386 1002 ilice,
1415 931 1703 988 montibus
1731 931 1858 989 altis

576 1005 749 1063 Levis
775 1019 1043 1083 crepante
1070 1010 1300 1083 lympha
1327 1009 1514 1066 desilit
1539 1011 1701 1085 pede.

498 1082 627 1142 mic
654 1085 883 1161 injussae
910 1088 1146 1145 veniunt
1173 1088 1246 1144 ad
1274 1088 1517 1145 mulctra
1543 1088 1793 1164 capellae,

577 1163 892 1240 Resertque
920 1176 1079 1223 tenta
1104 1185 1243 1241 grex
1270 1166 1489 1223 amicus
1516 1167 1722 1236 ubera3

499 1241 630 1298 Nec
656 1245 1010 1320 vespertinus
1037 1245 1434 1319 circumgemit
1461 1263 1625 1302 ursus
1651 1245 1817 1318 ovile,

575 1319 709 1378 Nec
737 1324 1068 1381 intumescit
1095 1324 1208 1380 alta
1234 1324 1439 1398 viperis
1467 1325 1706 1393 humus3

496 1396 676 1456 Nulla
702 1413 912 1458 nocent
937 1401 1128 1476 pecori
1156 1401 1439 1474 contagia,
1468 1401 1681 1457 nullius
1710 1402 1843 1458 astri

573 1475 828 1554 Gregem
860 1490 1099 1536 aestuosa
1124 1489 1298 1534 torret
1326 1479 1669 1553 impotentia.

494 1557 775 1632 Pluraque
804 1557 997 1613 felices
1027 1556 1389 1625 mirabimur;
1432 1568 1495 1612 ut
1522 1576 1708 1631 neque
1729 1558 1903 1635 largis

573 1639 838 1712 Aquosus
867 1635 1054 1690 Eurus
1081 1654 1212 1691 arva
1238 1636 1402 1691 radat
1428 1632 1721 1708 imbribuS,

493 1714 738 1791 Pinguia
764 1732 873 1770 nec
901 1714 1070 1770 siccis
1097 1724 1332 1770 urantur
1360 1714 1580 1771 semina
1604 1715 1805 1790 glebis,

509 1810 516 1815 ·
570 1794 886 1868 Utrumque
914 1812 1048 1868 rege
1076 1803 1430 1867 temperante
1457 1793 1728 1850 coelitum.

491 1873 629 1932 Nou
657 1874 771 1930 huc
801 1874 997 1947 Argoo
1022 1872 1318 1930 contendit
1343 1872 1557 1946 remige
1585 1872 1774 1947 pinus,

569 1952 775 2027 Neque
798 1951 1085 2026 impudica
1112 1950 1348 2007 Colchis
1375 1950 1564 2007 intulit
1588 1952 1826 2026 pedem3

493 2030 633 2090 Non
662 2033 776 2088 huc
806 2030 1027 2087 Sidonii
1055 2040 1341 2087 torserunt
1368 2048 1584 2087 cornua
1609 2040 1818 2103 nautae,

568 2110 878 2169 Laboriosa
903 2127 1014 2167 nec
1042 2110 1243 2166 cohors
1270 2107 1527 2183 Ulyssei‘:

490 2188 714 2265 Jupiter
741 2189 837 2246 illa
862 2189 970 2263 piae
997 2188 1237 2243 secrevit
1263 2187 1451 2243 littora
1475 2187 1651 2261 genti,

568 2267 647 2325 Ut
674 2267 987 2340 inquinavit
1016 2284 1125 2322 aere
1152 2276 1376 2339 tempus
1403 2283 1672 2335 aureum3

490 2345 652 2417 AEre,
680 2344 890 2401 dehinc
920 2344 1067 2400 ferro
1093 2343 1314 2400 duravit
1340 2344 1569 2415 saecula,
1597 2362 1838 2418 quorum

568 2423 689 2483 Piis
715 2423 988 2496 secunda,
1017 2433 1144 2480 vate
1171 2441 1284 2494 me,
1315 2422 1480 2481 datur
1507 2422 1657 2500 fuga.

1142 2778 1312 2838 ODE
1350 2779 1499 2837 XII.

1104 2915 1185 2952 An
1213 2914 1532 2960 mmmmm.

1171 3041 1461 3075 nolumus.

644 3126 773 3186 Im
795 3127 914 3203 jam
934 3126 1154 3186 efficaci
1182 3128 1257 3185 do
1282 3147 1489 3186 manus
1516 3128 1803 3199 scientiae3

646 3206 900 3282 Supplex
925 3218 984 3263 et
1008 3225 1109 3264 oro
1134 3226 1313 3283 regna
1336 3226 1438 3283 per
1466 3206 1839 3283 Proserpinae,

642 3285 754 3344 Per
774 3296 833 3343 et
859 3282 1064 3342 Dianae
1094 3305 1208 3343 non
1236 3287 1516 3344 movenda
1554 3287 1812 3358 numina,

642 3364 754 3423 Per
783 3375 950 3439 atque
977 3364 1151 3423 libros
1178 3366 1498 3424 carminum
1527 3363 1836 3422 valentium

642 3443 852 3501 Refixa
878 3444 1023 3501 coelo
1050 3444 1325 3501 devocare
1353 3444 1556 3522 sidera,

643 3522 910 3595 Canidia,
938 3543 1109 3598 parce
1137 3523 1371 3581 vocibus
1397 3524 1630 3580 tandem
1657 3522 1853 3595 sacris,

644 3599 949 3674 Citumque
977 3613 1127 3658 retro
1155 3602 1330 3672 solve,
1358 3603 1530 3672 solve,
1560 3601 1862 3659 turbinem.
1932 3627 1941 3636 ·

644 3676 828 3734 Movit
854 3689 1118 3751 nepotem
1146 3679 1441 3754 Telephus
1468 3677 1527 3733 Ν
1531 3681 1770 3750 erei'um,

632 3750 717 3809 'In
743 3772 911 3828 quem
938 3755 1214 3829 superbus
1239 3755 1531 3813 ordinarat
1557 3756 1788 3830 agmina

645 3826 962 3904 Mysorum,
989 3841 1049 3889 et
1072 3831 1135 3889 in
1160 3851 1333 3907 quem
1358 3833 1473 3891 tela
1497 3844 1668 3892 acuta
1691 3843 1946 3893 torserat.

2116 3803 2308 3895 χιο
