2621 4297
346 289 463 351 ιω
760 262 767 273 ’
990 295 1057 353 o.
1091 292 1387 345 nonam
1419 291 1670 344 mcor

898 522 911 533 ‘
1016 514 1426 574 EPISTOLA
1466 511 1641 572 XIX.

1069 654 1150 693 An
1177 650 1594 692 MAECENATEM.

374 756 645 813 .Pmco
671 754 731 812 si
746 755 954 825 credis,
982 753 1277 812 Maecenas
1303 753 1492 823 docte,
1521 751 1777 823 Cratino,

421 832 599 892 Nulla
622 834 848 911 placere
877 834 975 890 diu
1003 851 1114 890 nec
1143 833 1330 890 vivere
1355 831 1612 887 carmina
1636 839 1892 925 possunt,

416 911 573 974 Qu„
600 913 924 971 scribuntur
952 930 1111 987 aquae
1136 909 1459 986 potoribus:
1502 921 1565 966 ut
1591 905 1740 965 male
1769 923 1937 966 sanos

421 990 745 1087 Adscripsit
772 991 944 1049 Liber
974 989 1190 1065 Satyris
1220 988 1547 1063 Faunisque
1576 991 1793 1062 poetas,

421 1068 576 1127 Vina
604 1067 721 1127 fere
752 1071 950 1127 dulces
975 1069 1240 1126 oluerunt
1266 1064 1437 1123 mane
1467 1066 1775 1125 Camoenae.

420 1146 717 1206 Laudibus
744 1147 997 1224 arguitur
1023 1146 1140 1204 vini
1169 1147 1396 1203 vinosus
1423 1138 1744 1202 Homerus:

421 1224 688 1285 Ennius
673 1247 794 1303 ipse
820 1238 978 1304 pater
1006 1244 1317 1300 nunquam,
1346 1224 1457 1281 nisi
1483 1234 1667 1298 potus,
1697 1223 1769 1280 ad
1797 1240 1954 1279 arma

421 1304 691 1364 Prosiluit
717 1306 979 1363 dicenda.
1063 1303 1332 1361 “Forum
1358 1302 1659 1378 putealque
1687 1300 1924 1360 Libonis

421 1382 715 1445 Mandabo
740 1385 930 1456 siccis,
960 1384 1207 1440 adimam
1234 1392 1467 1439 cantare
1494 1379 1739 1438 severis!

501 1462 634 1521 Hoc
660 1463 828 1520 simul
856 1462 1053 1533 edixit,
1082 1480 1197 1518 non
1225 1457 1524 1517 cessavere
1551 1462 1739 1534 poetae

421 1539 722 1599 Nocturno
747 1552 966 1598 certare
994 1558 1168 1610 mero,
1196 1549 1395 1614 putere
1424 1537 1645 1595 diurno·

416 1618 603 1691 Quid,
631 1619 681 1676 si
707 1620 834 1695 quis
859 1619 1018 1675 vultu
1043 1628 1201 1675 torvo
1229 1619 1385 1674 serus
1411 1628 1470 1673 et
1493 1618 1641 1692 pede
1667 1616 1824 1674 nudo

419 1695 771 1773 Exiguaeque
786 1709 932 1774 togas
959 1697 1189 1754 simulet
1214 1707 1431 1753 textore
1460 1695 1763 1766 Catonem,

421 1775 784 1834 Virtutemne
811 1786 1175 1853 repraesentet
1200 1793 1498 1850 moresque
1525 1772 1807 1831 Catonis?

419 1855 604 1932 Rupit
630 1854 900 1913 Iarbitam
928 1854 1267 1931 Timagenis
1297 1854 1503 1910 aemula
1529 1853 1743 1927 lingua,

419 1934 575 1992 Dum
603 1935 794 1994 studet
818 1935 1088 2004 urbanus,
1116 1934 1410 2008 tenditque
1437 1932 1682 1988 disertus
1708 1931 1920 1989 haberi.

420 2013 652 2092 Decipit
678 2014 965 2090 exemplar
993 2013 1142 2070 vitiis
1169 2011 1474 2069 imitabile:
1516 2007 1669 2085 quod
1698 2010 1746 2067 si

420 2093 703 2153 Pallerem
731 2112 889 2166 casu,
917 2093 1177 2150 biberent
1201 2108 1491 2167 exsangue
1519 2088 1829 2145 cuminum.

419 2174 477 2231 Ο
504 2174 832 2245 imitatores,
854 2191 1075 2230 servum
1103 2190 1299 2260 pecus,
1331 2181 1392 2226 ut
1418 2169 1556 2226 mihi
1584 2187 1737 2244 saepe

418 2252 623 2322 Bilem‚
652 2270 804 2327 saepe
827 2252 1039 2326 jocum,
1069 2250 1237 2306 vestri
1265 2266 1495 2305 movere
1522 2247 1830 2305 tumultus!

497 2330 705 2387 Libera
732 2348 832 2404 per
859 2347 1099 2385 vacuum
1129 2328 1291 2403 posui
1320 2327 1557 2402 vestigia
1581 2327 1877 2402 princeps3

419 2407 556 2466 Non
584 2408 771 2467 aliena
797 2426 926 2465 meo
951 2407 1127 2483 pressi
1156 2406 1321 2482 pede.
1401 2406 1525 2467 Qui
1553 2405 1660 2463 sibi
1688 2405 1829 2477 fidit,

417 2487 554 2545 Dux
578 2488 726 2564 regit
750 2506 1009 2545 examen.
1090 2484 1287 2543 Parios
1314 2504 1423 2561 ego
1447 2485 1661 2561 primus
1687 2484 1904 2541 iambos

416 2566 665 2625 Ostendi
692 2566 874 2638 Latio,
904 2584 1170 2623 numeros
1198 2565 1529 2653 animosque
1556 2574 1827 2638 sequutus

419 2646 775 2717 Archilochi,
804 2665 919 2702 non
950 2664 1043 2702 res
1072 2655 1132 2702 et
1157 2643 1387 2720 agentia
1414 2642 1583 2700 verba
1609 2642 1953 2717 Lycamben.

419 2726 532 2796 Ac,
561 2744 635 2782 ne
663 2744 756 2782 me
785 2723 935 2782 foliis
962 2724 1093 2781 ideo
1121 2723 1470 2781 brevioribus
1494 2740 1664 2779 ornes

416 2800 600 2865 Quod
627 2803 792 2860 ιἰιιιιί
819 2813 1041 2860 mutare
1068 2802 1267 2858 modos
1293 2812 1353 2858 et
1379 2800 1649 2858 carminis
1677 2809 1875 2871 artem,

419 2880 732 2958 Temperat
757 2881 1090 2939 Archilochi
1120 2879 1349 2936 Musam
1375 2880 1521 2953 pede
1549 2878 1801 2936 mascula
1829 2877 2082 2954 Sappho,

420 2959 733 3037 Temperat
761 2960 1027 3016 Alcaeus:
1071 2959 1171 3014 sed
1199 2958 1370 3014 rebus
1397 2968 1456 3014 et
1479 2957 1680 3015 ordine
1708 2957 1930 3033 dispar;

419 3037 549 3096 Nec
576 3057 836 3096 socerum
862 3037 1081 3112 quaerit,
1108 3054 1277 3112 quem
1304 3036 1559 3093 versibus
1584 3036 1803 3094 oblinat
1828 3036 1999 3106 atris;

419 3115 551 3175 Nec
577 3136 797 3193 sponsae
823 3116 1088 3191 laqueum
1117 3115 1330 3173 famoso
1357 3115 1612 3173 carmine
1640 3115 1835 3173 nectit.

421 3194 600 3254 Hunc
625 3214 754 3271 ego,
783 3213 897 3253 non
927 3195 1061 3256 alio
1068 3195 1287 3253 dictum
1315 3192 1473 3270 prius
1498 3214 1616 3266 ore,
1647 3193 1867 3252 Latinis

420 3273 666 3352 vulgavi
693 3274 934 3332 fidicen:
970 3274 1131 3350 juvat
1157 3274 1547 3331 immemorata
1574 3273 1848 3331 ferentem

422 3353 699 3431 Ingenuis
724 3353 1018 3429 oculisque
1047 3352 1181 3428 legi,
1199 3352 1574 3427 manibusque
1600 3351 1802 3409 teneri.

502 3434 665 3491 Scire
694 3434 832 3491 velis
858 3453 988 3492 mea
1012 3451 1115 3489 cur
1142 3432 1397 3507 ingratus
1422 3431 1698 3507 opuscula
1723 3431 1901 3488 lector

421 3510 649 3571 Laudet
674 3522 934 3589 ametque
961 3512 1135 3583 domi,
1162 3520 1383 3586 premat
1407 3521 1568 3568 extra
1592 3509 1768 3567 limen
1793 3507 2061 3584 iniquus!

421 3589 562 3648 Non
586 3609 698 3667 ego
722 3601 969 3648 ventosae
995 3557 1177 3666 pleb’is
1203 3589 1473 3664 suffiagia
1499 3607 1672 3645 venor

423 3665 708 3741 Impensis
732 3686 1024 3725 coenarum
1050 3679 1109 3724 et
1133 3667 1278 3725 tritae
1304 3686 1544 3724 munere
1570 3666 1767 3734 vestis;

424 3739 565 3798 Non
589 3762 716 3818 ego,
743 3744 1020 3802 nobilium
1046 3745 1385 3819 scriptorum
1411 3743 1632 3802 auditor
1659 3755 1718 3802 et
1744 3743 1912 3816 ultor,

420 3815 842 3879 Grammaticas
867 3819 1084 3880 ambire
1108 3822 1291 3881 tribus
1318 3833 1379 3881 et
1401 3821 1619 3903 pulpita
1642 3822 1877 3901 dignor·

2247 1457 2322 1514 m

2245 1857 2319 1914 15
