2621 4297
978 291 1385 349 mmmmm
1417 298 1552 351 ΗΒ.
1585 301 1632 354 1.

623 437 852 499 Imbelli
877 438 1098 499 cithara
1125 442 1383 501 carmina
1408 443 1660 515 divides3

937 518 1344 597 Nequidquam
1372 523 1622 581 thalamo
1647 541 1849 600 gravoe

620 596 856 671 Hastae,
885 607 945 656 et
969 600 1176 658 calami
1203 601 1427 676 spicula
1452 601 1678 675 Gnosii,

616 676 864 751 Vitabis,
892 679 1323 754 strepitumque,
1351 692 1409 738 et
1436 680 1683 740 celerem
1711 681 1872 758 sequi

544 827 553 833 ⁹
617 754 1153 834 Ajacemz-tamen,
1182 760 1296 816 heu
1324 760 1516 817 serus!
1560 761 1845 820 adulteros

936 836 1145 894 Crines
1168 838 1398 914 pulvere
1425 839 1679 898 collines.

618 911 756 972 Non
783 913 1154 988 Laertiaden,
1181 918 1418 975 exitium
1445 929 1558 976 tuae

612 992 838 1065 Gentis,
866 1013 984 1051 non
1012 993 1237 1071 Pylium
1265 996 1514 1056 Nestora
1539 996 1816 1074 respicis?

612 1070 836 1149 Urgent
860 1073 1129 1150 impavidi
1156 1085 1212 1133 te
1244 1076 1595 1134 Salaminius

932 1152 1187 1226 Teucer,
1213 1165 1272 1212 te
1301 1156 1611 1213 Sthenelus
1636 1156 1826 1214 sciens

613 1229 856 1308 Pugnae,
884 1231 1003 1288 sive
1028 1250 1174 1307 opus
1200 1242 1287 1290 est
1314 1233 1639 1308 imperitare
1663 1233 1844 1310 equis,

610 1306 747 1368 Non
776 1309 977 1385 auriga
1000 1311 1178 1385 piger.
1262 1309 1568 1369 Merionen
1593 1330 1816 1387 quoque

611 1385 852 1448 Nosces.
919 1386 1081 1446 Ecce
1109 1388 1244 1447 fluit
1268 1399 1327 1456 te
1353 1390 1601 1466 reperire
1628 1401 1788 1450 atrox

927 1465 1209 1544 Tydides,
1237 1468 1438 1527 melior
1466 1478 1660 1544 patre:

607 1543 809 1609 Quem
833 1554 917 1620 tu,
943 1559 1146 1605 cervus
1171 1544 1257 1605 uti
1284 1547 1446 1605 vallis
1471 1548 1533 1606 in
1562 1547 1741 1606 alteri

608 1623 815 1683 Visum
841 1636 999 1702 parte
1025 1626 1223 1702 lupum
1252 1627 1529 1704 graminis
1555 1627 1873 1702 immemor,

614 1703 860 1763 Sublimi
988 1705 1070 1763 'es
1096 1706 1281 1764 mollis
1307 1706 1584 1780 anhelitu,

984 1803 1062 1842 on
1088 1784 1199 1842 hoc
1225 1786 1511 1862 pollicitus
1536 1796 1668 1844 tuae.

496 1895 503 1898 -
609 1858 898 1920 Iracunda
923 1862 1076 1921 diem
1103 1865 1352 1939 proferet
1378 1864 1490 1923 Ilio

609 1938 1000 2017 Matronisque
1027 1942 1318 2020 Phrygum
1346 1944 1544 2002 classis
1569 1943 1861 2004 Achillei:

610 2018 748 2080 Post
772 2030 961 2078 certas
985 2021 1206 2078 hiemes
1232 2034 1361 2079 uret
1386 2024 1650 2080 Achai‘us

925 2096 1094 2177 Ignis
1119 2098 1469 2181 Pergameas
1493 2099 1750 2160 domos.”

1100 2412 1272 2472 ODE
1310 2414 1479 2475 XIV.

1111 2549 1459 2591 PAuNomA.

519 2701 524 2706 .
608 2648 902 2719 Qun-nn
926 2649 1171 2727 pulchra
1198 2649 1319 2708 filia
1343 2651 1653 2731 pulchrior,

603 2727 802 2794 Quem
829 2728 1153 2787 criminosis
1178 2746 1409 2804 cunque
1438 2730 1591 2808 voles
1617 2731 1852 2793 modum

757 2809 948 2868 Pones
975 2808 1210 2877 iambis3
1254 2809 1373 2867 sive
1401 2807 1652 2883 flammfi,

941 2888 1075 2946 Sive
1100 2888 1246 2946 mari
1272 2888 1413 2947 libet
1441 2889 1756 2950 Hadriano.

603 2965 740 3025 Non
768 2966 1156 3043 Dindymene,
1183 2987 1301 3026 non
1323 2969 1508 3045 adytis
1534 2970 1716 3046 quatit

602 3043 863 3105 Mentem
891 3048 1249 3105 sacerdotum
1275 3049 1466 3108 incola
1491 3048 1750 3125 Pythius,

762 3123 901 3184 Non
928 3125 1100 3184 Liber
1127 3125 1312 3202 oeque,
1341 3147 1459 3187 non
1487 3139 1658 3187 acuta

917 3204 1019 3262 Sic
1045 3207 1343 3282 geminant
1369 3207 1726 3284 Corybantes
1751 3225 1890 3285 ort,

599 3281 823 3342 Tristes
843 3292 909 3342 ut
933 3284 1066 3342 irae:
1107 3305 1249 3362 quas
1275 3306 1463 3363 neque
1490 3286 1742 3346 Noricus

599 3358 865 3422 Deterret
888 3365 1063 3437 ensis,
1089 3384 1201 3423 nec
1226 3385 1385 3424 mare
1412 3367 1773 3442 naufragum,

752 3440 887 3501 Nec
912 3462 1096 3500 saevus
1122 3445 1293 3519 ignis,
1322 3463 1434 3501 nec
1458 3443 1759 3501 tremendo

913 3520 1139 3595 Jupiter
1165 3522 1286 3595 ipse
1316 3539 1489 3577 ruens
1514 3519 1778 3582 tumultu.
1852 3566 1860 3575 .

596 3596 801 3658 Fertur
828 3598 1206 3656 Prometheus
1233 3598 1444 3656 addere
1470 3597 1714 3678 principi

595 3676 765 3738 Limo
790 3688 1026 3737 coactus
1051 3677 1387 3755 particulam
1416 3678 1666 3756 undique

751 3755 1082 3831 Desectam,
1110 3767 1170 3816 et
1195 3756 1386 3816 insani
1411 3758 1593 3817 leonis

912 3835 1052 3895 Vim
1077 3837 1374 3896 stomacho
1398 3836 1726 3913 apposuisse
1750 3844 1963 3907 nostro.

2218 308 2290 369 n

2192 3367 2274 3432 lo
