2621 4297
939 295 1352 348 saa-mantnt
1384 296 1519 348 un.
1551 297 1627 349 ιι.
1658 300 1708 349 2.
2195 304 2309 367 nu
2388 346 2399 363 ,

402 435 718 498 Miscueris
739 438 910 510 elixa,
940 440 1109 499 simul
1138 441 1439 516 conchylis
1464 441 1675 512 turdis;

402 518 619 577 Dulcis
645 539 708 576 se
735 519 797 575 in
827 519 998 576 bilem
1027 532 1263 592 vertent,
1289 523 1696 596 stomachoque
1722 522 2030 580 tumultum

401 597 594 655 Lenta
622 598 766 655 seret
790 598 1008 673 pituita.
1079 599 1258 656 Vides
1286 610 1351 655 ut
1377 600 1622 674 pallidus
1646 599 1851 673 omnis-r
2226 603 2306 660 75

401 676 590 734 coena
615 678 887 751 desurgat
913 677 1133 739 dubis?
1193 677 1362 738 Quin
1390 697 1595 753 corpus
1622 691 1893 747 onustum

403 755 706 812 Hesternis
734 755 880 812 vitiis
907 755 1160 812 animum
1187 775 1409 831 quoque
1436 767 1747 833 praegravat
1773 758 1912 832 uni,

404 836 596 908 Atque
623 834 823 909 affligit
844 834 1020 890 humo
1049 835 1254 891 divinae
1280 835 1618 910 particulam
1645 855 1813 895 aurae.

404 912 590 983 Alter,
620 914 716 969 ubi
745 912 901 969 dicto
928 909 1101 969 citius
1126 925 1322 970 curata
1350 915 1534 991 sopori

406 989 672 1049 Membra
698 991 875 1061 dedit,
906 1002 1138 1065 vegetus
1163 994 1493 1068 proescripta
1517 993 1588 1050 sd
1616 995 1817 1053 munis
1843 995 2039 1072 surgit.
2224 993 2307 1054 m

403 1069 524 1127 Hic
550 1080 744 1126 tamen
771 1069 845 1125 ad
874 1069 1077 1126 melius
1101 1071 1307 1145 poterit
1333 1082 1719 1130 transcurrere
1744 1075 2067 1148 quondm:

407 1149 544 1206 Sive
571 1148 727 1205 diem
750 1148 952 1205 festum
981 1149 1209 1205 rediens
1236 1149 1536 1207 adduxerit
1562 1169 1777 1221 annus3

405 1227 527 1285 Seu
553 1245 812 1284 recreare
842 1227 988 1283 volet
1013 1238 1310 1285 tenuatum
1340 1246 1578 1303 corpus;
1623 1229 1831 1304 ubique

405 1305 713 1363 Accedent
738 1305 894 1376 anni,
923 1316 983 1362 et
1009 1306 1239 1363 tractari
1267 1305 1495 1364 mollius
1523 1317 1659 1364 aetas

405 1384 705 1442 Imbecilla
732 1384 892 1442 volet.
948 1383 1088 1442 Tibi
1113 1384 1394 1462 quidnam⁸
1415 1386 1653 1443 accedet
1679 1387 1753 1443 ad
1780 1385 1947 1446 istam
2225 1386 2308 1449 Β

401 1462 603 1525 Quam
630 1481 771 1538 puer
797 1473 857 1520 et
882 1462 1101 1519 validus
1125 1465 1422 1539 praesumis
1451 1464 1760 1538 mollitiem,
1787 1484 1891 1524 seu

404 1541 568 1600 Dura
595 1541 855 1613 valetudo
881 1542 1161 1614 inciderit,
1190 1561 1293 1601 seu
1320 1544 1480 1601 tarda
1505 1546 1812 1602 senectus?

486 1620 818 1678 Rancidum
849 1639 1046 1695 aprum
1077 1623 1292 1697 antiqui
1322 1623 1665 1681 laudabant:
1708 1643 1825 1682 non
1852 1625 1986 1701 quis
2012 1642 2188 1684 nasus

406 1699 532 1757 Illis
558 1700 749 1756 nullus
768 1711 908 1771 erat,
937 1700 1058 1771 sed,
1086 1702 1278 1773 credo,
1309 1702 1420 1759 haic
1446 1714 1658 1774 mente,
1685 1701 1840 1777 quod
1865 1705 2067 1781 hospes

406 1777 663 1836 Tardius
689 1779 998 1835 adveniens
1025 1779 1280 1836 vitiatum
1307 1778 1683 1852 commodius»,
1711 1779 1883 1856 quum
2224 1782 2306 1842 9⁰

405 1856 705 1933 Integrum
723 1858 869 1914 edax
896 1858 1180 1930 dominuS,
1208 1871 1585 1917 consumeret.
1660 1860 1784 1918 Hos
1810 1861 2027 1920 utinum
2053 1862 2201 1925 inter

406 1936 631 1995 Heroas
656 1948 851 1993 natum
873 1937 1040 1993 tellus
1067 1955 1158 1994 me
1184 1938 1369 2013 prima
1393 1938 1648 1996 tulisset!

483 2014 605 2072 Das
631 2015 840 2090 aliquid
870 2015 1055 2086 firmae,
1081 2032 1208 2088 quae
1234 2016 1488 2073 carmine
1514 2016 1723 2092 gratior
1749 2034 1945 2075 aurem

404 2092 671 2171 Occupat
698 2093 1048 2162 humanam?
1113 2093 1378 2151 Grandes
1404 2094 1624 2153 rhombi
1652 2096 1971 2172 patinaeque

408 2171 643 2231 Grande
673 2173 861 2231 ferunt
890 2173 1009 2230 unfi
1036 2190 1172 2229 cum
1198 2173 1411 2231 damno
1435 2175 1721 2232 dedecus:
1763 2175 1911 2233 adde
2223 2174 2306 2234 9⁶

403 2252 622 2311 Iratum
649 2263 932 2329 patruum,
962 2252 1197 2324 vicinOS,
1227 2263 1282 2309 te
1310 2253 1413 2309 tibi
1443 2254 1720 2328 iniquum,

408 2331 485 2390 Et
512 2330 721 2389 frustra
751 2331 944 2388 mortis
970 2331 1262 2406 cupidum,
1289 2350 1464 2406 quum
1487 2333 1670 2391 deerit
1693 2333 1885 2409 egenti
1989 2332 1993 2336 ’
2098 2339 2104 2346 ’

406 2411 512 2483 As,
538 2410 726 2486 laquei
751 2410 1010 2485 pretium.
1082 2414 1118 2439 ‘⁴
1143 2409 1179 2465 J
1187 2412 1340 2481 urc,’'
1373 2411 1573 2485 inquit,
1616 2417 1652 2443 ‘⁸
1675 2411 1958 2471 Trausius
1983 2412 2106 2472 istis

405 2488 442 2547 J
446 2500 682 2566 urgatur
708 2488 924 2545 verbis:
966 2508 1075 2565 ego
1102 2488 1404 2565 vectigalia
1430 2508 1639 2564 magna

405 2567 758 2643 Divitinsque
788 2568 969 2625 habeo
996 2567 1174 2624 tribus
1203 2567 1419 2643 amplas
1446 2567 1732 2642 regibus.''
1792 2566 1965 2643 Ergo,
2193 2568 2305 2628 1oe

402 2646 584 2711 Quod
612 2649 856 2722 superat,
885 2666 999 2704 non
1028 2657 1114 2704 est
1142 2645 1349 2706 melius
1375 2666 1488 2721 quo
1519 2646 1807 2703 insumere
1833 2646 2053 2722 possis?

405 2726 527 2784 Cur
552 2738 686 2802 eget
713 2726 982 2800 indignus
1009 2725 1327 2800 quisquam,
1349 2735 1405 2782 te
1434 2725 1644 2782 divite?
1711 2724 1912 2787 Quare

405 2805 655 2881 Templa
682 2818 855 2861 ruunt
882 2804 1113 2879 antiqua
1141 2804 1357 2861 deum?
1423 2803 1563 2876 Cur,
1595 2804 1866 2879 improbe,
1894 2823 2042 2864 σαι-ω

405 2884 541 2942 Non
563 2884 782 2959 aliquid
810 2884 1003 2959 patriae
1031 2895 1189 2940 tanto
1216 2883 1466 2942 emetiris
1495 2885 1736 2941 acervo?

404 2963 521 3022 Uni
548 2964 817 3020 nimirum
846 2962 949 3018 tibi
978 2960 1132 3019 recte
1163 2982 1386 3038 semper
1412 2974 1581 3020 erunt
1608 2965 1738 3020 res?
1952 3031 1961 3042 ³
2193 2962 2307 3022 1⁰5

403 3043 461 3101 O
489 3060 732 3117 magnus
759 3042 994 3116 posthac
1023 3041 1270 3098 inimicis
1297 3042 1444 3099 risus
1468 3044 1478 3099 !
1524 3042 1738 3101 Uterne

404 3121 501 3179 Ad
527 3139 696 3177 casus
722 3120 923 3177 dubios
950 3119 1087 3176 fidet
1112 3120 1218 3177 sibi
1245 3119 1458 3179 certius
1480 3141 1494 3190 ;
1539 3122 1633 3179 hic
1658 3121 1757 3198 qui

404 3198 674 3258 Pluribus
700 3197 947 3256 assuerit
973 3210 1222 3255 mentem
1245 3218 1562 3276 corpusque
1590 3202 1929 3278 superbum3

403 3280 501 3336 An
526 3279 645 3354 qui,
673 3288 977 3336 contentus
1005 3297 1176 3353 parvo
1203 3290 1575 3355 metuensque
1604 3279 1796 3351 futuri,

402 3356 478 3415 In
502 3376 668 3434 pace,
699 3368 760 3413 ut
787 3356 1034 3432 sapiens,
1063 3358 1270 3433 aptfirit
1296 3359 1505 3416 idonea
1532 3358 1718 3414 bello?
2194 3352 2310 3413 110

473 3434 621 3498 Quo
651 3433 834 3511 magis
863 3436 951 3492 his
972 3436 1204 3504 credas;
1247 3455 1388 3510 puer
1417 3437 1573 3492 hunc
1599 3452 1707 3509 ego
1731 3450 1938 3510 parvus
1961 3429 2216 3492 Ofellum

395 3515 651 3591 Integris
675 3515 878 3590 opibus
904 3516 1034 3571 novi
1063 3533 1177 3571 non
1208 3513 1380 3570 latius
1408 3529 1594 3582 usum,

396 3590 599 3657 Qum
627 3612 785 3652 nunc
812 3594 1031 3650 accisis,
1103 3592 1319 3649 Videas
1345 3599 1556 3648 metato
1584 3589 1643 3646 in
1665 3589 1851 3666 agello

400 3673 555 3732 Cum
580 3692 787 3749 pecore
814 3683 874 3729 et
900 3671 1087 3747 gnatis
1115 3670 1316 3728 fortem
1344 3669 1609 3727 mercede
1637 3669 1924 3740 colonum,

399 3756 437 3784 “
460 3751 599 3811 Non
620 3753 785 3828 ego,''
815 3760 1160 3822 narrantem,
1188 3753 1226 3779 “
1245 3744 1461 3805 temen}
1489 3748 1584 3806 edi
1604 3748 1734 3807 luce
1760 3747 2007 3825 profesta
2195 3750 2310 3811 115

397 3830 760 3908 Quidquam,
786 3839 990 3905 praeter
1015 3828 1161 3902 olus,
1191 3828 1426 3887 fflmosae
1452 3846 1591 3886 cum-
1611 3829 1758 3906 pede
1783 3842 1992 3906 perna.
