2621 4297
346 325 457 387 174
660 303 665 310 ’
978 326 1040 383 Q.
1076 324 1370 374 nomi-11
1403 323 1670 375 ruem.

417 466 758 526 Manserunt
784 468 1064 543 hodieque
1090 478 1327 526 manent
1345 467 1582 543 vestigia
1600 467 1762 525 ruris.
2205 470 2320 529 16⁰

418 547 594 604 Serus
621 548 774 604 enim
802 547 1022 605 Graecis
1048 547 1294 605 admovit
1322 546 1586 603 acumina
1613 545 1858 615 chartis;
2256 543 2266 552 ’

415 624 510 697 Et,
539 638 663 701 post
691 626 912 683 Punica
939 626 1085 683 bella
1109 626 1351 699 quietus,
1379 642 1630 698 quaerere
1657 625 1829 699 coepit

410 703 576 765 Quid
608 705 919 779 Sophocles
945 716 1003 761 et
1025 703 1274 778 Thespis
1299 714 1358 760 et
1380 702 1690 776 AEschylus
1718 702 1857 760 utile
1885 702 2112 762 ferrent.

414 782 685 841 Tentavit
710 801 930 857 quoque
956 794 1083 840 rent
1105 783 1154 839 si
1181 779 1356 856 digne
1385 791 1601 837 vertere
1627 792 1847 857 posset3
1905 834 1910 840 .

414 860 490 918 Et
517 862 729 935 placuit
756 862 882 932 sibi,
911 861 1113 918 natura
1140 860 1398 917 sublimis
1426 871 1483 916 et
1512 878 1671 915 acer:
2199 861 2311 920 165

413 938 569 996 Nam
597 941 769 1014 spirat
793 942 1073 1015 tragicum
1103 937 1259 1011 satis,
1281 950 1340 996 et
1368 938 1606 995 feliciter
1628 938 1832 1007 audet;

414 1018 530 1074 Sed
559 1029 780 1094 turpem
806 1030 966 1094 putat
994 1015 1198 1075 inscite
1223 1018 1534 1091 metuitque
1555 1016 1804 1073 lituram.

492 1096 780 1168 Creditur,
809 1117 881 1154 ex
908 1098 1097 1154 medio
1122 1098 1255 1171 quia
1283 1115 1375 1152 res
1403 1095 1653 1166 arcessit,
1676 1095 1886 1153 habere

414 1175 651 1232 Sudoris
673 1177 991 1245 minimum,
1021 1177 1119 1232 sed
1152 1176 1322 1232 habet
1350 1174 1646 1230 Comoedia
1673 1170 1833 1231 tanto

413 1253 549 1310 Plus
577 1256 784 1325 oneris,
813 1252 1026 1328 quanto
1054 1245 1235 1314 {reniae
1261 1254 1468 1309 minus,
1554 1253 1769 1327 Aspice
1795 1251 2034 1310 Plautus
2194 1252 2309 1312 17⁰

409 1331 551 1393 Quo
576 1345 743 1408 pacto
770 1345 957 1408 partes
983 1344 1193 1390 tutetur
1221 1332 1463 1389 amantis
1489 1332 1715 1406 ephebi,

411 1409 489 1467 Ut
514 1413 689 1485 patris
719 1413 938 1483 attenti,
966 1412 1187 1468 lenonis
1216 1422 1278 1467 ut
1305 1409 1595 1467 insidiosi:

407 1487 680 1549 Quantus
707 1490 779 1546 sit
805 1489 1139 1546 Dossennus
1163 1489 1437 1546 edacibus
1465 1488 1523 1544 in
1551 1488 1847 1562 parasitis;

407 1564 608 1626 Quam
638 1586 753 1624 non
782 1568 1014 1623 astricto
1038 1576 1329 1642 percurrat
1355 1566 1571 1641 pulpita
1598 1585 1783 1623 socco.

408 1644 595 1701 Gestit
621 1645 775 1701 enim
803 1664 1099 1701 nummum
1131 1645 1190 1701 in
1218 1644 1437 1701 loculos
1458 1644 1777 1716 demittere,
1805 1655 1933 1720 post
1958 1645 2069 1704 hoc
2193 1645 2309 1704 1¹75

410 1722 662 1779 Securus
689 1723 857 1779 cadat
884 1742 956 1779 an
986 1734 1142 1780 recto
1162 1733 1272 1780 stet
1300 1722 1489 1779 fabula
1515 1723 1644 1780 talo.

485 1800 681 1862 Quem
710 1802 838 1858 tulit
865 1803 937 1859 ad
959 1820 1191 1859 scenam
1217 1813 1451 1859 ventoso
1476 1801 1671 1858 Gloria
1697 1820 1889 1873 curru,

410 1878 716 1937 Exanimat
743 1880 932 1937 lentus
959 1891 1259 1956 spectator,
1288 1880 1521 1937 sedulus
1548 1879 1723 1937 infiat.

410 1958 509 2015 Sic
536 1958 679 2031 leve,
703 1960 786 2017 sic
813 1978 1045 2034 parvum
1073 1970 1178 2031 est,
1209 1960 1463 2016 animum
1490 1960 1641 2033 quod
1668 1958 1854 2015 laudis
1875 1977 2108 2017 avarum

410 2038 646 2095 Subruit
673 2058 740 2095 ac
768 2038 965 2095 reficit.
1049 2039 1253 2096 Valeat
1279 2058 1371 2095 res
1397 2037 1637 2108 ludicra,
1666 2040 1715 2094 si
1741 2053 1833 2094 me
2194 2037 2308 2097 lffl
2359 2050 2372 2058 “

409 2116 605 2175 Palma
633 2130 840 2193 negata
866 2136 1142 2189 macrum,
1171 2119 1380 2175 donata
1407 2116 1627 2174 reducit
1652 2116 1921 2193 opimum.
2015 2183 2025 2191 ‚

489 2194 655 2271 Saepe
685 2197 856 2253 etiam
885 2197 1159 2252 audacem
1192 2197 1349 2269 fugat
1377 2197 1507 2266 hoc,
1535 2207 1815 2271 terretque
1842 2199 2091 2271 poetam,

404 2273 584 2335 Quod
616 2293 853 2339 numero
875 2275 1085 2348 plures,
1115 2275 1317 2330 virtute
1344 2284 1403 2329 et
1430 2274 1643 2330 honore
1670 2275 1937 2346 minores,

407 2349 634 2408 Indocti
663 2351 980 2425 stolidique,
1009 2363 1068 2409 et
1095 2352 1425 2427 depugnare
1451 2352 1631 2427 parati

407 2429 472 2485 Si
500 2430 785 2487 discordet
810 2449 1002 2505 eques,
1033 2431 1223 2488 media
1250 2431 1397 2488 inter
1425 2431 1681 2489 carmina
1706 2443 1951 2507 poscunt
2192 2432 2303 2492 185

409 2506 530 2565 Aut
556 2526 771 2581 ursum,
801 2520 899 2566 aut
925 2511 1178 2586 pugiles:
1222 2511 1310 2567 his
1340 2529 1472 2567 nam
1494 2510 1790 2585 plebecula
1817 2510 2044 2586 gaudet.

404 2585 623 2646 Verum
652 2589 826 2663 equiti
853 2608 1074 2664 quoque
1096 2589 1214 2664 jam
1243 2590 1504 2665 migravit
1530 2590 1602 2646 ab
1629 2609 1764 2647 aure
1790 2589 2047 2666 voluptas

403 2664 614 2724 Omnis
641 2668 712 2724 ad
741 2668 989 2726 incertos
1015 2669 1212 2726 oculos
1238 2679 1296 2726 et
1323 2668 1532 2743 gaudia
1559 2687 1718 2725 vana.

402 2744 669 2806 Quatuor
697 2758 794 2804 aut
820 2748 1010 2823 plures
1038 2748 1217 2804 aulaea
1240 2757 1575 2822 premuntur
1603 2748 1661 2804 in
1691 2748 1875 2820 horas,

404 2821 561 2879 Dum
590 2824 813 2899 fugiunt
839 2827 1092 2899 equitum
1121 2837 1323 2883 turmae
1345 2826 1709 2900 peditumque
1738 2837 1977 2885 catervae
1993 2845 2009 2895 ς
2190 2825 2303 2884 190

405 2899 546 2958 Mox
572 2904 810 2960 trahitur
838 2905 1101 2960 manibus
1129 2922 1327 2978 regum
1359 2904 1583 2960 fortuna
1607 2905 1861 2975 retortis3

404 2979 626 3037 Esseda
653 2981 936 3052 festinant,
963 2981 1196 3056 pilenta,
1222 2982 1510 3055 petorrita,
1541 3000 1744 3052 naves;

402 3058 702 3132 Captivum
731 3070 982 3133 portatur
1010 3060 1169 3130 ebur,
1199 3060 1421 3134 captiva
1448 3059 1775 3120 Corinthus·

404 3137 467 3193 Si
498 3136 639 3193 foret
666 3138 725 3193 in
754 3137 935 3207 terriS,
964 3138 1175 3194 rideret
1200 3135 1584 3211 DemocrituS,
1615 3159 1717 3196 seu

402 3214 701 3272 Diversum
731 3216 968 3272 confusa
995 3235 1178 3291 genus
1203 3218 1481 3291 panthera
1507 3218 1747 3291 camelo,
2185 3216 2301 3277 ΙΝ

402 3293 536 3352 Sive
563 3294 791 3370 elephas
819 3294 979 3351 albus
1005 3295 1158 3370 vulgi
1186 3306 1537 3353 converteret
1563 3314 1693 3352 ora:
1913 3309 1924 3321 ’

404 3373 699 3448 Spectat-et
725 3374 992 3449 populum
1021 3374 1171 3431 ludis
1198 3371 1469 3431 attentius
1496 3374 1651 3448 ipsis,

401 3450 480 3509 Ut
505 3452 612 3509 sibi
639 3454 984 3529 praebentem
1011 3453 1187 3510 mimo
1212 3453 1539 3528 spectacula
1564 3453 1742 3528 plura.

403 3530 718 3606 Scriptores
746 3544 934 3588 autem
961 3551 1191 3590 narrare
1216 3542 1441 3607 putaret
1467 3533 1640 3590 asello

402 3607 692 3666 Fabellam
722 3611 924 3667 surdo:
968 3630 1099 3668 narn
1128 3629 1254 3685 quae
1280 3611 1612 3685 pervincere
1641 3629 1806 3668 voces
2177 3609 2302 3671 w

402 3682 683 3743 Evaluere
711 3704 911 3744 sonum
941 3689 1194 3744 referunt
1220 3707 1391 3762 quem
1419 3702 1610 3746 nostra
1636 3690 1857 3747 theatra
1873 3688 1901 3746 1

401 3757 731 3833 Garganum
761 3764 979 3839 mugire
1005 3776 1170 3838 putes
1197 3784 1419 3836 nemus,
1449 3777 1547 3823 aut
1574 3785 1729 3824 mare
1759 3766 2062 3826 Tuscum:

403 3831 598 3894 Tanto
622 3856 755 3897 cum
781 3840 1018 3915 strepitu
1043 3840 1165 3899 ludi
1191 3853 1518 3917 spectamur
1544 3854 1604 3901 et
1622 3854 1772 3903 artes
